2261 3117
711 178 970 212 AENEIDos
1001 179 1100 210 LIB.
1142 176 1216 212 111.
1715 164 1773 210 <21

155 285 424 344 Manderet,
454 298 502 334 et
526 287 679 344 tepidi
701 297 965 332 tremerent
990 287 1081 333 sub
1105 286 1335 332 dentibus
1360 298 1514 332 artus.

154 361 307 408 Haud
328 365 530 419 impune
552 361 749 419 quidem
769 378 778 417 ;
816 377 906 407 nec
928 362 1056 407 talia
1078 377 1258 418 passus
1284 361 1471 415 Ulixes,

156 436 417 483 Oblitusve
439 439 520 482 sui
541 447 617 482 est-
642 436 853 482 Ithacus
878 436 1165 482 discrimine
1186 446 1345 480 tanto.

155 511 287 556 Nam
309 511 462 557 simul
483 511 709 567 expletus
733 511 945 567 dapibus
968 514 1181 566 vinoque
1205 511 1427 566 sepultus
1685 510 1776 553 (330

155 585 410 632 Cervicem
432 584 670 631 inflexam
693 588 876 642 posuit,
905 585 1156 642 jacuitque
1177 601 1260 641 per
1285 596 1486 629 antrum

152 660 448 717 Immensus,
480 663 672 707 saniem
693 671 929 706 eructans
952 675 1010 705 ac
1034 660 1199 706 frusta
1223 672 1426 705 cruento

153 735 248 781 Per
272 750 504 781 somnum
527 738 801 780 commixta
823 750 972 793 mero,
1002 751 1108 790 nos,
1139 751 1324 791 magna
1348 736 1535 790 precati

153 810 375 855 Numina
399 812 660 866 sortitique
680 812 831 867 vices,
860 826 963 855 una,
984 810 1201 865 undique
1222 812 1408 853 circum

154 884 447 939 Fundimur,
479 893 527 930 et
551 885 649 930 telo
671 885 841 930 lumen
864 884 1171 931 terebramus
1195 895 1342 929 acuto
1686 883 1778 927 635

153 959 352 1017 Ingens,
383 958 513 1016 quod
535 968 682 1004 torva
706 960 868 1005 solum
890 959 982 1005 sub
1005 960 1169 1004 fronte
1189 959 1392 1015 latebat,

154 1035 378 1092 Argolici
400 1036 546 1092 clipei
569 1048 658 1081 aut
681 1036 938 1081 Phoebeae
961 1036 1210 1092 lampadis
1233 1037 1409 1093 instar,

155 1115 222 1159 Et
243 1113 448 1160 tandem
469 1114 592 1159 laeti
615 1117 866 1159 sociorum
889 1115 1177 1159 ulciscimur
1199 1114 1417 1159 umbras.

157 1188 250 1234 Sed
274 1190 445 1245 fugite,
478 1203 507 1233 o
530 1190 716 1245 miseri,
745 1189 919 1244 fugite,
953 1202 1098 1244 atque
1123 1189 1184 1233 ab
1208 1190 1351 1233 litore
1376 1190 1546 1233 funem

156 1263 412 1320 Rumpite.
1688 1262 1780 1305 640

157 1338 288 1382 Nam
310 1338 474 1394 qualis
496 1343 814 1394 quantusque
837 1353 960 1382 cavo
984 1337 1324 1393 Polyphemus
1348 1340 1397 1381 in
1423 1348 1570 1381 antro

158 1413 433 1467 Lanigeras
456 1411 648 1456 claudit
670 1411 881 1468 pecudes
905 1423 1051 1467 atque
1072 1412 1224 1457 ubera
1247 1425 1453 1467 pressat.

161 1486 374 1531 Centum
400 1485 487 1530 alii
510 1501 665 1530 curva
687 1486 810 1530 haec
833 1486 1069 1531 habitant
1094 1486 1157 1531 ad
1181 1487 1330 1530 litora
1355 1486 1506 1541 vulgo

159 1559 366 1605 Infandi
389 1560 643 1617 Cyclopes,
674 1568 723 1606 et
747 1561 866 1606 altis
889 1560 1146 1606 montibus
1167 1572 1350 1606 errant.

158 1639 325 1684 Tertia
348 1638 452 1694 jam
473 1638 624 1684 lunae
646 1654 698 1685 se
720 1654 910 1684 cornua
932 1639 1119 1685 lumine
1141 1639 1400 1695 complent.
1690 1639 1783 1683 645

159 1716 287 1762 Cum
308 1718 471 1761 vitam
491 1718 546 1761 in
569 1717 714 1763 silvis
736 1719 867 1762 inter
889 1716 1086 1763 deserta
1109 1718 1330 1763 ferarum

158 1796 346 1842 Lustra
369 1794 639 1852 domosque
660 1796 827 1851 traho,
854 1807 1125 1852 vastosque
1147 1796 1209 1841 ab
1232 1812 1353 1852 rupe
1378 1797 1624 1852 Cyclopas

157 1875 428 1931 Prospicio,
459 1877 778 1931 sonitumque
800 1874 982 1931 pedum
1004 1890 1270 1931 vocemque
1293 1886 1545 1920 tremesco,

159 1952 362 1997 Victum
383 1952 645 2008 infelicem,
675 1951 828 1998 bacas
849 1952 1171 2009 lapidosaque
1192 1968 1344 1997 corna

161 2031 298 2075 Dant
318 2032 462 2085 rami,
491 2035 541 2075 et
563 2030 727 2076 vulsis
750 2036 965 2087 pascunt
990 2030 1242 2076 radicibus
1264 2030 1457 2075 herbae.
1692 2031 1783 2074 6:30

161 2108 343 2153 Omnia
365 2107 684 2165 collustrans,
714 2107 848 2154 hanc
869 2111 1089 2165 primum
1113 2108 1177 2153 ad
1198 2108 1348 2152 litora
1370 2108 1580 2154 classem

163 2185 411 2241 Conspexi
430 2187 730 2232 venientem.
797 2185 934 2230 Huic
958 2202 1047 2242 me,
1078 2201 1413 2242 quaecumque
1436 2187 1628 2242 fuisset,

163 2260 349 2306 Addixi
369 2277 379 2306 :
419 2265 545 2308 satis
565 2266 642 2308 est
664 2269 864 2319 gentem
884 2264 1118 2319 effugisse
1137 2264 1420 2311 nefandam.

163 2340 264 2386 Vos
288 2343 511 2386 animam
533 2341 666 2387 hanc
688 2346 857 2399 potius
879 2358 1187 2400 quocumque
1209 2342 1458 2390 absumite
1479 2345 1613 2389 leto.’

224 2418 324 2464 Vix
344 2433 402 2464 ea
426 2420 566 2466 fatus
587 2427 709 2478 erat,
741 2437 938 2466 summo
961 2437 1076 2466 cum
1097 2427 1273 2467 monto
1286 2421 1515 2468 videmus
1690 2423 1783 2467 (555

160 2497 336 2554 Ipsum
356 2499 489 2542 inter
511 2499 722 2554 pecudes
745 2507 894 2546 vasta
920 2516 970 2546 se
992 2500 1120 2544 mole
1140 2506 1423 2546 moventem

159 2575 421 2620 Pastorem
445 2575 813 2632 Polyphemum
836 2585 884 2622 et
908 2577 1057 2621 litora
1081 2587 1202 2622 nota
1224 2586 1484 2635 petentem,

159 2650 444 2697 Monstrum
465 2650 783 2710 horrendum,
814 2653 1042 2710 informe,
1072 2655 1262 2711 ingens,
1292 2657 1376 2700 cui
1396 2654 1564 2702 lumen
1587 2655 1784 2712 ademp-

286 2731 411 2773 tum.
