2261 3117
687 151 945 189 AENEIDOS
978 154 1076 188 LIB.
1118 156 1191 189 111.

138 263 356 310 Laevam
378 270 559 310 cuncta
580 264 760 310 cohors
782 264 932 309 remis
955 266 1213 321 ventisque
1234 266 1425 321 petivit.

135 341 375 387 Tollimur
396 345 450 388 in
473 343 664 388 caelum
688 348 898 387 curvato
921 345 1132 399 gurgite,
1163 349 1212 388 et
1234 343 1361 387 idem

137 419 388 466 Subducta
411 420 476 466 ad
497 437 667 467 manes
691 424 817 466 imos
842 419 1120 467 desedimus
1142 420 1294 466 unda.

135 499 229 544 Ter
250 498 440 554 scopuli
462 500 727 545 clamorem
750 502 882 544 inter
905 514 1031 544 cava
1055 516 1180 545 saxa
1204 499 1376 544 dedere
1399 515 1407 555 ;

137 578 230 623 Ter
253 593 482 634 spumam
504 579 680 624 elisam
701 584 751 624 et
772 581 1000 624 rorantia
1022 578 1240 624 vidimus
1265 587 1415 623 astra.

139 653 334 700 Interea
357 653 516 700 fessos
539 661 720 700 ventus
743 669 857 699 cum
880 655 981 700 sole
1005 655 1221 710 reliquit,

137 731 405 787 Ignarique
425 733 538 777 viae
560 731 834 788 Cyclopum
857 731 1122 775 allabimur
1146 734 1260 776 oris.

201 810 384 856 Portus
408 809 471 855 ab
495 825 696 857 accessu
718 816 982 856 ventorum
1004 813 1241 856 immotus
1264 818 1311 855 et
1335 813 1510 865 ingens

141 888 279 946 Ipse;
317 887 404 934 sed
425 887 677 934 horrificis
699 887 846 945 juxta
868 894 1013 934 tonat
1035 890 1199 934 Aetna
1222 891 1395 944 ruinis,

139 956 490 1023 Interdumque
512 972 678 1012 atram
698 970 976 1024 prorumpit
1000 966 1064 1013 ad
1086 967 1286 1012 aethera
1308 966 1487 1011 nubem

139 1044 354 1091 Turbine
374 1045 653 1091 fumantem
674 1047 811 1102 piceo
833 1052 882 1091 et
905 1045 1147 1090 candente
1168 1045 1358 1100 favilla,

141 1122 439 1179 Attollitque
459 1122 632 1178 globos
654 1121 975 1168 flammarum
998 1129 1046 1168 et
1071 1122 1229 1181 sidera
1255 1122 1429 1166 lambit
1452 1138 1459 1166 :

142 1199 398 1244 Interdum
421 1200 651 1256 scopulos
675 1200 945 1256 avulsaque
967 1203 1158 1244 viscera
1183 1201 1367 1243 montis

142 1278 308 1334 Erigit
328 1285 578 1333 eructans,
606 1277 970 1333 liquefactaque
993 1293 1116 1322 saxa
1141 1277 1232 1321 sub
1257 1292 1404 1321 auras

145 1356 270 1401 Cum
292 1358 481 1411 gemitu
504 1355 764 1410 glomerat,
792 1354 1041 1410 fundoque
1057 1365 1314 1399 exaestuat
1342 1356 1452 1397 imo.

146 1432 303 1476 Fama
323 1440 398 1477 est
421 1431 660 1477 Enceladi
683 1437 957 1477 semustum
980 1430 1189 1475 fulmine
1211 1446 1385 1485 corpus

148 1509 327 1564 Urgeri
349 1509 476 1554 mole
497 1509 605 1566 hac,
636 1511 981 1565 ingentemque
1002 1509 1203 1564 insuper
1226 1509 1439 1552 Aetnam

148 1587 441 1642 Impositam
463 1589 626 1643 ruptis
649 1585 906 1632 flammam
929 1587 1182 1643 exspirare
1205 1588 1417 1631 caminis
1441 1602 1449 1630 :

148 1664 214 1709 Et
237 1664 424 1710 fessum
445 1667 672 1721 quotiens
695 1672 853 1710 mutet
877 1666 1026 1722 latus,
1058 1667 1317 1710 intremere
1341 1680 1531 1709 onmem

148 1741 399 1787 Murmure
417 1742 741 1799 Trinacriam,
773 1748 820 1787 et
844 1743 1034 1787 caelum
1059 1742 1313 1787 subtexere
1337 1743 1386 1786 fu
1396 1758 1486 1786 mo.

148 1819 354 1865 Noctem
377 1819 518 1865 illam
539 1823 659 1865 tecti
681 1821 825 1866 silvis
848 1822 1088 1865 immania
1111 1831 1338 1865 monstra

148 1898 462 1956 Perferimus‚
491 1888 595 1955 necJ
623 1914 748 1956 quae
770 1901 990 1944 sonitum
1013 1898 1092 1943 det
1117 1914 1282 1954 causa,
1313 1898 1552 1942 videmus.

149 1975 279 2020 Nam
300 1991 453 2032 neque
473 1980 617 2021 erant
639 1980 890 2021 astrorum
912 1976 1066 2029 ignes⁷
1098 1990 1183 2019 nec
1209 1974 1403 2018 lucidus
1429 1974 1603 2017 aethra

150 2051 344 2099 Siderea
367 2053 525 2109 polus,
554 2052 763 2098 obscuro
788 2051 873 2098 sed
895 2052 1068 2097 nubila
1092 2052 1239 2107 caelo„

152 2129 217 2174 Et
239 2129 412 2174 lunam
432 2132 485 2174 in
508 2129 676 2174 nimbo
699 2145 799 2174 nox
823 2132 1119 2185 intempesta
1142 2127 1355 2173 tenebat.

214 2204 421 2252 Postera
443 2206 638 2262 jamque
660 2207 762 2252 dies
785 2210 944 2263 primo
968 2205 1199 2261 surgebat
1226 2207 1345 2250 Eoo.

156 2282 511 2339 Umentemque
533 2285 727 2329 Aurora
751 2285 862 2340 polo
886 2284 1162 2329 dimoverat
1184 2283 1409 2327 umbram
1436 2300 1443 2326 :

155 2359 281 2406 Cum
303 2359 468 2406 subito
490 2376 516 2405 e
538 2361 698 2416 silvis,
725 2363 884 2406 macie
905 2362 1130 2405 confecta
1154 2376 1393 2416 suprema.

154 2435 323 2494 Ignoti
345 2453 478 2483 nova
503 2438 665 2482 forma
688 2440 785 2482 viri
808 2437 1183 2493 miserandaque
1204 2438 1340 2481 cultu

154 2514 383 2561 Procedit
409 2517 706 2572 supplexque
728 2532 907 2561 manus
932 2515 994 2560 ad
1017 2516 1164 2560 litora
1186 2515 1359 2561 tendit.

153 2592 478 2650 Respicimus.
552 2594 672 2638 Dira
698 2594 892 2639 illuvies
915 2596 1233 2650 immissaque
1253 2594 1422 2649 barba⁷
1463 2620 1465 2622 -

155 2671 445 2720 Consertum
473 2680 701 2728 tegumen
726 2674 882 2727 spinis
907 2688 914 2729 ;
956 2681 1005 2716 at
1031 2679 1191 2717 cetera
1216 2672 1410 2727 Graius,

1690 144 1747 190 19

1663 809 1752 853 570

1667 1197 1692 1240 O!

1700 1198 1723 1240 -4

1731 1197 1758 1239 Q!

1670 1584 1760 1627 580

1671 1973 1762 2016 585

1675 2359 1765 2402 590
