2261 3117
734 161 993 195 AENEmos
1025 162 1124 193 LIB.
1168 161 1240 192 111.

188 275 352 323 Unum
376 272 498 318 illud
520 271 626 328 tibi,
658 281 774 315 nate
796 267 897 321 dea,
929 283 1109 325 proque
1133 267 1362 312 omnibus
1387 282 1541 310 unum

187 350 483 407 Praedicam,
513 357 561 395 et
582 357 804 405 repetens
828 349 1101 402 iterumque
1124 349 1394 400 iterumque
1419 343 1624 388 monebo
1649 359 1656 386 :

184 428 217 474 J
221 430 399 475 unonis
417 440 632 483 magnae
651 427 869 482 primum
890 439 1029 480 prece
1050 437 1234 467 numen
1259 421 1411 466 adora
1436 437 1444 464 :

185 505 215 551 J
221 504 375 550 unoni
396 518 516 549 cane
537 508 659 549 vota
679 501 856 557 libens,
886 500 1234 555 dominamque
1258 507 1509 554 potentem

186 580 496 639 Supplicibus
519 594 697 636 supera
719 577 862 623 donis
886 593 894 622 :
934 579 1005 622 sic
1030 576 1235 631 denique
1257 576 1418 619 victor

185 662 442 707 Trinacria
463 660 585 706 fines
606 658 766 704 Italos
789 660 985 702 mittere
1007 656 1192 701 relicta.

193 739 299 784 Huc
320 738 406 784 ubi
428 737 622 784 delatus
646 737 915 783 Cumaeam
941 737 1207 779 accesseris
1230 733 1400 777 urbem

191 818 489 872 Divinosque
510 814 649 860 lacus
671 820 721 859 et
744 814 945 858 Averna
969 813 1201 857 sonantia
1226 809 1380 863 silvis,

189 896 427 941 Insanam
449 907 617 939 vatem
640 893 863 948 aspicies,
894 905 1019 947 quae
1040 904 1160 945 rupe
1183 888 1274 934 sub
1298 890 1398 932 ima

189 972 316 1017 Fata
339 973 475 1016 canit
500 971 728 1027 foliisque
749 977 897 1014 notas
918 974 967 1013 et
990 969 1194 1012 nomina
1217 963 1438 1009 mandat.

189 1049 532 1105 Quaecumque
554 1050 608 1092 in
629 1047 765 1093 soliis
789 1045 1048 1101 descripsit
1074 1045 1298 1088 carmina
1321 1044 1476 1096 virgo,

189 1128 378 1184 Digerit
399 1128 454 1170 in
474 1140 736 1170 numerum
758 1137 905 1180 atque
928 1134 1075 1167 antro
1101 1121 1292 1166 seclusa
1313 1120 1561 1174 relinquit.

191 1204 284 1249 Illa
305 1210 510 1249 manent
532 1205 741 1248 immota
763 1201 897 1256 locis,
928 1214 1082 1254 neque
1106 1197 1167 1242 ab
1191 1196 1360 1241 ordine
1383 1195 1573 1240 cedunt.

193 1282 376 1326 Verum
396 1280 580 1335 eadem,
610 1293 753 1324 verso
775 1279 939 1322 tenuis
962 1291 1075 1341 cuin
1099 1273 1299 1318 cardine
1322 1284 1502 1317 ventus

194 1357 396 1413 Impulit
418 1367 467 1402 et
489 1364 683 1401 teneras
706 1349 931 1398 turbavit
954 1351 1108 1408 janua
1131 1349 1346 1404 frondes,

196 1435 460 1489 Nunquam
482 1431 654 1477 deinde
676 1445 801 1475 cavo
822 1429 1091 1474 volitantia
1113 1426 1343 1483 prendere
1368 1441 1501 1471 saxo.

196 1511 294 1556 Nec
315 1524 542 1555 revocare
561 1511 686 1554 situs
711 1516 797 1552 aut
820 1505 1022 1562 J'ungere
1044 1506 1268 1549 carmina
1293 1515 1432 1547 curat
1454 1519 1462 1546 :

196 1587 472 1633 Inconsulti
495 1586 692 1641 abeunt,
726 1584 981 1640 sedemque
1004 1582 1144 1627 odere
1171 1581 1398 1636 Sibyllae.

195 1663 294 1708 Hic
315 1663 484 1708 tibine
505 1677 601 1719 qua
622 1675 789 1706 morae
810 1661 994 1704 fuerint
1018 1657 1273 1714 dispendia
1297 1659 1440 1712 tanti,

197 1742 438 1798 Quamvis
459 1742 751 1796 increpitent
771 1740 904 1794 socii,
935 1746 981 1782 et
1006 1738 1058 1780 vi
1081 1751 1254 1781 cursus
1278 1737 1330 1779 in
1354 1735 1512 1779 altum

198 1820 318 1866 Vela
338 1825 497 1876 vocet,
526 1821 780 1876 possisque
802 1819 942 1863 sinus
964 1815 1164 1871 implere
1187 1813 1441 1869 secundos,

197 1899 330 1955 Quin
351 1897 500 1944 adeas
520 1906 689 1943 vatem
710 1895 1027 1953 precibusque
1048 1893 1250 1938 oracula
1273 1907 1447 1948 poscas

198 1976 314 2033 Ipsa
334 1982 497 2032 canat,
527 1989 792 2031 vocemque
813 1973 984 2019 volens
1009 1979 1154 2027 atque
1178 1986 1263 2015 ora
1286 1970 1515 2015 resolvat.

198 2053 294 2098 Ina
314 2051 408 2098 tibi
428 2051 606 2097 Italiae
626 2051 832 2108 populos
854 2056 1158 2104 venturaque
1180 2047 1320 2102 bella⁷

200 2131 267 2176 Et
287 2145 384 2188 quo
404 2144 639 2187 quemque
660 2129 805 2174 modo
828 2129 1088 2184 fugiasque
1113 2127 1336 2181 ferasque
1358 2125 1591 2179 laborem,

200 2207 451 2265 Expediet,
480 2221 748 2263 cursusque
770 2206 909 2251 dabit
933 2216 1166 2251 venerata
1201 2203 1452 2248 secundos.

200 2283 338 2330 Haec
359 2294 491 2342 sunt,
520 2298 644 2340 quae
665 2294 838 2328 nostra
860 2282 1007 2327 liceat
1029 2289 1078 2326 te
1101 2295 1220 2325 voce
1242 2283 1443 2326 moneri.

202 2360 339 2408 Vade
359 2375 461 2419 age,
489 2365 539 2406 et
560 2362 812 2417 ingentem
833 2360 983 2405 factis
1007 2359 1080 2404 fer
1103 2358 1167 2404 ad
1190 2358 1388 2404 aethera
1410 2358 1645 2413 Trojam.⁷

262 2439 400 2496 Quae
420 2444 684 2496 postquam
706 2445 847 2484 vates
871 2440 942 2484 sic
965 2452 1047 2482 ore
1066 2437 1247 2483 effatus
1271 2439 1430 2482 amico
1453 2446 1542 2491 est,

200 2518 341 2564 Dona
363 2517 541 2564 dehinc
563 2531 685 2562 auro
707 2518 884 2573 gravia
906 2524 1132 2572 sectoque
1151 2515 1412 2572 elephanto

200 2596 418 2653 Imperat
441 2593 504 2639 ad
526 2609 679 2640 naves
703 2594 834 2650 ferri,
865 2595 1115 2650 stipatque
1139 2595 1323 2638 carinis

202 2673 384 2731 Ingens
407 2680 682 2729 argentum,
714 2671 1098 2728 Dodonaeosque
1119 2671 1321 2726 lebetas,

1737 145 1792 188 15

1703 263 1794 307 435

1707 652 1793 696 44(

1709 1039 1802 1083 445

1713 1424 1805 1468 450

1714 1812 1806 1855 455

1716 2202 1807 2246 460

1719 2588 1811 2632 465
