2261 3117
666 193 924 225 AENEIDOS
957 193 1055 225 LIB,
1099 194 1171 225 ΙΙΙ.

112 303 390 357 Accipiunt,
422 301 658 356 celerique
681 300 804 355 fuga
828 300 920 346 sub
945 300 1106 346 sidera
1129 301 1298 357 lapsae

113 381 362 425 Semesam
383 377 619 433 praedam
641 388 689 423 et
712 381 928 435 vestigia
952 378 1095 424 foeda
1118 379 1416 435 relinquunt.

176 457 293 502 Una.
315 458 369 500 in
390 455 641 510 praecelsa
664 455 890 501 consedit
912 471 1033 512 rupe
1056 456 1282 512 Celaeno,

112 535 296 580 Infelix
317 542 473 588 vates,
504 537 787 591 rumpitque
803 534 936 579 hanc
958 545 1153 591 pectore
1175 550 1346 581 vocem
1367 553 1374 580 :

121 613 339 659 ‘Bellum
358 616 512 659 etiam
533 629 622 670 pro
645 613 790 659 caede
811 614 961 658 boum
984 616 1254 671 stratisque
1276 614 1514 670 juvencis,

112 691 576 749 Laomedontiadae,
606 691 852 737 bellumne
874 693 1054 737 inferre
1075 695 1281 749 paratis,

112 770 179 814 Et
199 772 363 826 pat-rio
384 770 643 827 Harpyias
667 772 890 816 insontes
912 770 1088 826 pellere
1109 770 1297 825 regno?

111 850 335 905 Accipite
353 864 472 904 ergo
495 852 679 895 animis
703 860 850 906 atque
871 849 992 894 haec
1016 865 1125 894 mea
1148 849 1287 905 figite
1309 850 1456 894 (licta.

113 926 250 982 Quae
270 927 471 973 Phoebo
493 938 634 984 pater
658 931 987 984 omnipotens,
1010 927 1135 972 mihi
1152 927 1382 973 Phoebus
1406 929 1584 983 Apollo

112 1004 386 1062 Praedixit,
413 1006 557 1052 vobis
579 1006 845 1051 Furiarum
871 1021 961 1062 ego
983 1008 1207 1050 maxima
1229 1006 1409 1062 pando.

111 1083 317 1128 Italiam
338 1099 488 1129 cursu
509 1086 696 1142 pet-itis,
725 1086 986 1140 ventisque
1007 1087 1203 1130 vocatis

110 1161 259 1208 Ibitis
279 1161 498 1219 Italiam,
528 1169 798 1220 portusque
818 1165 1008 1208 intrare
1028 1162 1193 1208 licebit
1213 1179 1223 1219 ς

112 1239 206 1287 Sed
227 1255 327 1285 non
353 1248 469 1288 ante
490 1241 663 1287 datam
686 1243 898 1298 cingetis
921 1241 1180 1287 moenibus
1202 1241 1386 1297 urbem,

113 1318 276 1374 Quam
299 1333 390 1364 vos
414 1319 527 1364 dira
549 1320 708 1365 fames
732 1330 1029 1376 nostraeque
1053 1320 1238 1375 injuria.
1263 1320 1427 1365 caedis

112 1397 355 1444 Ambesas
379 1397 580 1454 subigat
602 1397 750 1442 malis
775 1397 1029 1442 absumere
1052 1399 1284 1443 mensas.²

113 1475 268 1533 Dixit,
297 1482 347 1522 et
369 1479 423 1521 in
445 1476 630 1521 silvam
653 1478 827 1532 pennis
852 1476 1022 1519 ablata
1046 1477 1242 1531 refugit.

176 1554 247 1598 At
269 1555 418 1599 sociis
441 1552 608 1598 subita
631 1551 824 1608 gelidus
847 1552 1112 1597 formidine
1146 1557 1354 1608 sanguis

113 1631 341 1687 Deriguit.
356 1647 373 1686 3
411 1631 626 1677 cecidere
648 1633 820 1687 animi,
850 1647 939 1676 nec
962 1631 1064 1687 jam
1089 1632 1303 1687 amplius
1328 1636 1494 1678 armis.

116 1708 209 1755 Sed
229 1713 365 1756 votis
387 1709 711 1766 precibusque
733 1709 904 1766 jubent
923 1725 1184 1766 exposcere
1208 1726 1390 1767 pacem,

115 1789 229 1834 Sive
250 1788 380 1847 deae,
411 1804 498 1835 seu
520 1790 624 1835 sint·
647 1788 784 1834 dirae
807 1789 1137 1845 obscenaeque
1159 1790 1400 1834 volucres.

113 1868 181 1912 Et
202 1874 343 1924 pater
365 1868 612 1914 Anchises
635 1870 796 1924 passis
820 1867 878 1912 de
899 1867 1043 1912 litore
1066 1868 1247 1923 palmis

114 1946 336 1991 Numina
357 1962 545 2002 magna
568 1952 730 2002 vocat,
761 1948 1058 2002 meritosque
1081 1946 1254 1990 indicit
1280 1946 1491 1992 honores
1512 1964 1519 1991 :

123 2023 225 2080 ‘Di,
255 2024 512 2079 prohibete
532 2025 726 2081 minas;
764 2023 841 2079 Di,
872 2024 1023 2068 talem
1048 2026 1256 2068 avertite
1275 2039 1462 2068 casum.

115 2100 183 2146 Et
203 2100 389 2156 placidi
411 2107 608 2147 servate
623 2103 769 2158 pios.'
831 2101 960 2145 Tum
981 2101 1125 2145 litore
1149 2101 1317 2146 funem

116 2179 358 2235 Deripere,
387 2194 719 2236 excussosque
740 2176 876 2235 jubet
898 2179 1069 2224 laxare
1086 2178 1332 2225 rudentes.

115 2255 347 2301 Tendunt
369 2256 482 2301 vela
504 2256 625 2301 Noti
646 2271 657 2315 ;
694 2256 916 2312 fugimus
941 2257 1291 2312 spumantibus
1314 2257 1476 2314 undis,

114 2333 226 2390 Qua
247 2348 450 2379 cursum
470 2338 747 2390 ventusque
769 2333 1167 2390 gubernatorque
1188 2335 1416 2380 vocabat.

115 2411 149 2457 J
153 2427 237 2457 am
257 2411 418 2457 medio
440 2417 645 2467 apparet
666 2409 824 2455 fluctu
857 2427 1116 2457 nemorosa.
1139 2412 1443 2470 Zacynthos,

116 2489 497 2546 Dulichiumque
519 2489 756 2545 Sameque
776 2500 823 2534 et
848 2490 1046 2535 Neritos
1070 2490 1226 2535 ardua
1250 2495 1401 2536 saxis.

114 2566 396 2623 Effugimus
418 2567 648 2623 scopulos
671 2566 893 2623 Ithacae,
921 2567 1125 2612 Laertia
1149 2583 1314 2625 regna,

114 2644 182 2688 Et
202 2649 391 2690 terram
412 2644 637 2690 altricem
661 2646 802 2690 saevi
822 2659 1138 2690 exsecramur
1161 2646 1315 2692 Ulixi.

114 2721 235 2768 Mox
248 2728 298 2769 et
319 2723 569 2769 Leucatae
589 2721 819 2769 nimbosa
841 2726 1103 2769 cacumina
1127 2726 1313 2769 montis
