2228 3037
466 116 526 162 22
985 128 1027 160 P.
1069 126 1276 160 VERGILI
1309 125 1532 159 >mamus

467 235 661 279 Trunca
684 249 838 278 manu
861 235 1005 289 pinus
1028 235 1152 287 regit
1175 238 1221 277 et
1246 234 1456 286 vestigia
1480 232 1645 276 firmat
1667 247 1676 287 ς

468 312 739 367 Lanigerae
760 312 1060 354 comitantur
1085 324 1198 354 oves
1218 324 1226 365 ;
1264 324 1319 352 ea
1343 309 1447 353 sola
1469 309 1699 363 voluptas

470 387 786 441 Solamenque
808 386 941 430 mali.

470 463 741 518 Postquam
764 462 891 506 altos
913 464 1077 516 tetigit-
1099 460 1283 504 fluctus
1306 467 1352 504 et
1378 459 1439 504 ad
1463 475 1669 515 aequora
1692 462 1840 511 venit,

471 540 696 583 Luminis
717 538 882 583 effossi
902 536 1111 581 fluidum
1133 538 1258 580 lavit
1280 536 1391 580 inde
1414 551 1646 592 cruorem,

471 615 709 659 Dentibus
731 613 1014 658 infrendens
1037 615 1237 669 gemitu,
1267 612 1583 667 graditurque
1603 627 1684 666 per
1708 624 1882 664 aequor

472 691 587 736 <Iam
610 690 840 746 medium,
871 690 1081 734 necdum
1102 688 1287 734 fluctus
1308 689 1466 732 latera
1489 688 1645 732 ardua
1668 689 1832 730 tinxit.

470 769 571 813 Nos
593 767 763 823 procul
784 766 896 811 inde
918 766 1090 821 fugam
1112 765 1290 821 trepidi
1311 766 1533 819 celerare,
1560 773 1749 818 recepto

475 845 695 900 Supplice
719 846 787 888 sic
812 846 999 898 merito,
1031 845 1265 898 tacitique
1285 841 1496 885 incidere
1518 841 1682 885 funem
1704 856 1712 884 ε

475 922 725 965 Verrimus
748 932 794 964 et
819 923 960 976 proni
982 919 1285 964 certantibus
1309 933 1515 973 aequora
1538 921 1697 962 remis.

477 1002 649 1054 Sensit,
680 1008 726 1044 et
752 998 814 1043 ad
838 1000 1056 1043 sonitum
1078 999 1215 1042 vocis
1236 999 1448 1051 vestigia
1471 999 1627 1040 torsit.

476 1078 656 1122 Verum
677 1077 760 1120 ubi
783 1077 922 1120 nulla
946 1075 1093 1119 datur
1116 1075 1288 1119 dextra
1312 1074 1536 1118 affectare
1558 1079 1786 1128 potestas.

477 1155 575 1198 Nec
597 1156 725 1209 potis
748 1153 914 1196 Ionios
935 1151 1118 1196 fluctus
1143 1166 1347 1206 aequare
1369 1149 1623 1204 sequendo,

479 1231 750 1275 Clamorem
773 1230 1065 1272 immensum
1087 1227 1230 1281 tollit⁷
1261 1241 1355 1281 quo
1377 1235 1555 1280 pontus
1577 1237 1621 1269 et
1647 1240 1811 1268 omnes

479 1307 820 1351 Contremuere
841 1303 1012 1359 undae,
1043 1306 1330 1359 penitusque
1351 1304 1585 1346 exterrita
1608 1301 1754 1345 tellus

480 1382 663 1435 Italiae,
695 1383 952 1435 curvisque
974 1382 1222 1434 immugiit
1246 1379 1406 1423 Aetna
1430 1379 1665 1422 cavernis.

483 1460 547 1501 At
571 1472 724 1512 genus
746 1471 770 1500 e
794 1457 933 1500 silvis
958 1456 1225 1510 Cyclopum
1248 1465 1293 1498 et
1318 1453 1566 1498 montibus
1590 1453 1704 1497 altis

482 1535 712 1577 Excitum
737 1535 836 1575 ruit
859 1523 925 1574 ‘ad
949 1542 1119 1585 portus
1140 1538 1186 1574 et
1210 1531 1357 1573 litora
1381 1529 1638 1584 complent.

484 1610 741 1655 Cernimus
766 1617 987 1652 astantes
1010 1609 1299 1661 nequiquam
1323 1606 1503 1649 lumine
1525 1612 1666 1649 torvo

487 1689 726 1731 Aetnaeos
749 1687 940 1729 fratres.
973 1684 1105 1728 caelo
1128 1686 1289 1738 capita
1316 1684 1417 1726 alta
1442 1683 1660 1727 ferentes.

486 1763 760 1809 Concilium
781 1761 1080 1806 horrendum
1100 1777 1108 1803 :
1147 1760 1313 1815 quales
1336 1775 1447 1803 cum
1470 1761 1650 1803 vertice
1673 1758 1798 1802 celso

486 1841 658 1884 Aeriae
680 1854 884 1894 quercus
909 1844 993 1882 aut
1019 1837 1261 1881 coniferae
1285 1837 1525 1890 cyparissi

487 1915 840 1967 Constiterunt‚
873 1913 999 1957 silva
1023 1913 1126 1956 alta
1149 1911 1293 1956 Jovis
1315 1911 1514 1955 lucusve
1537 1910 1734 1954 Dianae.

488 1990 784 2043 Praecipites
807 1997 967 2033 metus
990 2003 1099 2032 acer
1125 1990 1229 2043 agit
1251 2001 1551 2042 quocumque
1574 1985 1802 2029 rudentes

488 2066 743 2119 Excutere,
771 2076 817 2107 et
841 2067 1002 2107 ventis
1026 2062 1274 2107 intendere
1295 2061 1404 2106 vela
1427 2060 1664 2105 secundis.

1961 303 2052 347 660

1968 685 2058 725 665

1982 1831 2073 1873 (580

490 2142 674 2187 Contra
697 2141 836 2195 jussa
859 2151 1057 2183 monent
1081 2139 1270 2193 Heleni,
1303 2137 1516 2192 Scyllam
1540 2144 1682 2200 atque
1713 2135 2014 2189 Charybdim

490 2219 637 2269 Inter,
666 2228 922 2271 utramque
944 2219 1079 2260 viam
1103 2215 1495 2284 letidiscrirnine
1516 2228 1682 2269 parvo,

491 2295 554 2338 Ni
575 2302 771 2338 teneant
796 2308 969 2336 cursus
989 2307 997 2354 ς
1036 2303 1222 2336 certum
1244 2297 1319 2336 est
1342 2288 1458 2334 dare
1477 2287 1628 2334 lintea
1650 2295 1791 2333 retro.

493 2372 616 2414 Ecce
638 2379 800 2414 autem
825 2355 1007 2413 Boreas
1031 2377 1247 2423 angusta
1270 2366 1332 2412 ab
1356 2366 1465 2412 sede
1486 2366 1646 2411 Pelori

493 2446 677 2491 Missus
701 2445 853 2488 adest.
931 2444 1053 2487 Vivo
1080 2444 1418 2498 praetervehor
1442 2444 1570 2487 ostia
1597 2455 1716 2486 saxo

493 2523 767 2576 Pantagiae
789 2521 1104 2575 Megarosque
1128 2523 1267 2564 sinus
1291 2519 1634 2573 Thapsumque
1655 2516 1908 2570 jacentem.

493 2599 632 2642 Talia
655 2596 963 2642 monstrabat
987 2596 1203 2650 relegens
1225 2604 1389 2639 errata
1412 2600 1654 2638 retrorsus

1986 2211 2077 2251 (395

1987 2588 2078 2632 690
