2228 3037
454 91 510 135 14
971 106 1009 136 p,
1054 104 1259 137 vamum
1293 103 1519 138 MAssoxis

452 209 592 267 Quin,
623 211 707 254 ubi
729 212 1048 256 transmissae
1072 213 1295 256 steterint
1317 217 1458 257 trans
1483 228 1689 268 aequora
1713 214 1904 256 classes.

451 287 515 331 Et
536 290 708 342 positis
733 290 831 332 aris
854 287 957 342 jam
979 293 1096 331 vota
1119 290 1171 332 in
1193 287 1336 333 litore
1359 288 1530 343 solves,
1552 307 1561 314 ·

452 365 698 419 Purpureo
719 365 880 409 velare
901 379 1065 410 comas
1089 364 1346 420 adopertus
1365 368 1564 420 amictu,
1942 365 2033 409 405

451 440 521 485 Ne
543 457 637 495 qua
660 443 784 485 inter
808 448 1004 486 sanctos
1028 444 1164 496 ignes
1187 444 1240 485 in
1261 441 1445 487 'honore
1466 442 1663 487 deorum

451 517 659 562 Hostilis
683 519 832 563 facies
857 525 1081 562 occurrat
1104 525 1151 562 et·
1175 521 1340 563 omina
1363 519 1538 565 turbet.

451 592 596 636 Hunc
619 595 737 637 socii
759 608 940 637 morem
964 608 1229 649 sacrorum,
1257 594 1388 638 hunc
1410 596 1511 649 ipse
1533 601 1705 650 teneto.

451 669 559 713 Hac
581 671 707 714 casti
728 675 960 715 maneant
982 672 1034 714 in
1056 671 1289 725 religione
1310 677 1521 726 nepotes.

451 747 543 790 Ast
564 745 649 789 ubi
672 745 945 801 digressum
969 746 1159 791 Siculae
1181 753 1229 791 te
1252 746 1523 791 admoverit
1547 761 1658 791 orae
1939 746 2033 789 410

456 822 649 878 Ventus,
679 827 726 867 et
750 824 950 877 angusti
971 828 1217 867 rarescent
1242 823 1458 868 claustra
1481 823 1653 874 Pelori,

452 898 614 942 Laeva
636 898 727 941 tibi
749 898 893 943 tellus
915 903 962 943 et-
984 898 1296 953 longo'laeva
1317 905 1546 954 petantur

451 976 672 1029 Aequora
696 976 902 1018 circuitu
925 989 933 1031 ς
973 973 1198 1019 dextrum
1221 975 1333 1029 fuge
1354 975 1473 1019 litus
1495 980 1542 1019 et
1565 975 1735 1019 undas.

451 1050 584 1094 Haec
607 1049 725 1104 loca,
756 1053 804 1093 vi
831 1050 1075 1105 quondam
1097 1056 1141 1094 et
1167 1061 1313 1096 vasta
1337 1051 1572 1095 convulsa
1595 1053 1797 1094 ruina——

449 1127 662 1169 Tantum
686 1128 792 1170 aevi
814 1126 1081 1181 longinqua
1103 1127 1235 1171 valet
1257 1134 1449 1171 mutare
1470 1133 1751 1171 vetustas—
1941 1125 2034 1169 415

453 1204 733 1247 Dissiluisse
755 1204 934 1258 ferunt,
962 1218 1073 1246 cum
1096 1205 1321 1258 protinus
1343 1210 1547 1259 utraque
1562 1204 1704 1247 tellus

458 1281 564 1324 Una
587 1281 708 1323 foret
730 1294 738 1336 3
780 1282 912 1322 venit
936 1278 1094 1323 medio
1116 1281 1168 1322 vi
1191 1285 1368 1334 pontus
1391 1287 1439 1323 et
1463 1279 1609 1323 undis

451 1356 739 1411 Hesperium
763 1356 924 1400 Siculo
947 1356 1078 1400 latus
1102 1356 1323 1411 abscidit,
1356 1371 1567 1411 arvaque
1590 1365 1633 1399 et
1659 1356 1800 1399 urbes

452 1436 614 1478 Litore
636 1433 861 1478 diductas
886 1442 1097 1487 angusto
1121 1434 1340 1477 interluit
1367 1443 1515 1478 aestu,

452 1512 685 1555 Dextrum
710 1510 872 1564 Scylla
894 1510 1036 1565 latus7
1068 1510 1263 1553 laevum
1285 1510 1548 1564 implacata
1573 1511 1848 1564 Charybdis
1943 1510 2034 1554 420

453 1587 663 1641 obsidet,
695 1597 836 1641 atque
860 1589 956 1629 imo
980 1585 1202 1629 barathri
1225 1595 1298 1629 ter
1321 1588 1514 1640 gurgite
1536 1594 1702 1631 vastos

453 1664 617 1709 Sorbet
641 1666 692 1707 in
717 1663 978 1717 abruptum
998 1661 1194 1716 fluctus,
1222 1677 1483 1717 rursusque
1507 1662 1595 1707 sub
1619 1678 1764 1706 auras

453 1741 613 1795 Erigit
636 1741 860 1784 alternos.
891 1752 938 1783 et
963 1739 1120 1784 sidera
1143 1739 1364 1784 verberat
1386 1739 1531 1784 unda.

453 1820 516 1861 At
542 1818 754 1871 Scyllam
778 1819 931 1860 caecis
950 1816 1139 1860 cohibet
1166 1817 1394 1870 spelunea
1417 1816 1630 1871 latebris,

454 1895 550 1939 Ora
571 1904 897 1938 exsertantem
919 1903 965 1936 et
989 1908 1139 1936 naves
1164 1896 1211 1935 in
1239 1909 1357 1937 saxa
1382 1893 1668 1937 trahentem.
1942 1892 2035 1937 425

455 1972 618 2014 Prima
641 1970 855 2013 hominis
878 1969 1029 2014 facies
1051 1975 1098 2012 et
1122 1969 1323 2023 pulchro
1349 1978 1535 2022 pectore
1557 1972 1696 2023 virgo

453 2046 584 2090 Pube
605 2056 759 2101 tenus,
790 2050 1034 2100 postrema
1058 2046 1261 2087 immani
1284 2058 1479 2098 corpore
1501 2047 1691 2099 pistrix,

454 2123 745 2177 Delphinum
768 2121 951 2166 caudas
973 2129 1110 2165 utero
1133 2123 1393 2165 commissa
1416 2121 1652 2175 luporum.

455 2200 681 2243 Praestat
704 2199 946 2242 Trinacrii
968 2205 1123 2242 metas
1146 2198 1356 2241 lustrare
1377 2197 1600 2251 Pachyni

455 2276 749 2330 Cessantem,
779 2275 950 2329 longos
972 2281 1019 2318 et
1042 2272 1416 2318 circumflectere
1437 2289 1622 2329 cursus,
1942 2275 2034 2318 430

455 2351 612 2405 Quam
634 2351 778 2396 semel
801 2352 1058 2395 informem
1081 2357 1223 2395 vasto
1242 2350 1424 2395 vidisse
1447 2350 1536 2394 sub
1560 2357 1703 2394 antro

455 2428 679 2482 Scyllam,
710 2436 758 2471 et
781 2428 1010 2471 caeruleis
1033 2427 1235 2471 canibus
1258 2429 1538 2472 resonantia
1562 2441 1695 2471 saxa.

455 2505 720 2558 Praeterea,
753 2507 790 2548 si
812 2519 906 2559 qua
929 2513 1001 2548 est
1025 2503 1208 2547 Heleno
1234 2503 1506 2558 prudentia,
1535 2505 1638 2547 vati

456 2581 504 2625 Si
527 2596 620 2636 qua
644 2580 776 2634 fides,
806 2583 1023 2623 animum
1049 2582 1086 2623 si
1114 2583 1239 2623 veris
1265 2580 1426 2634 implet
1452 2579 1638 2635 Apollo,
