2228 3037
467 145 496 192 8
986 158 1027 189 P.
1071 157 1279 189 vasten]
1312 155 1534 188 MARosls

468 266 666 310 Insulae
688 264 828 308 Ionio
852 266 903 308 in
926 278 1120 318 magno,
1153 277 1274 317 quas
1299 260 1410 321 dira⁴
1430 261 1639 306 Celaeno

468 342 811 396 Harpyiaeque
834 340 1000 383 colunt
1025 339 1163 394 aliae7
1194 337 1401 382 Phineia
1424 344 1682 392 postquam

469 418 648 462 Clausa
672 416 857 471 domus7
887 429 1174 470 mensasque
1190 423 1321 458 metu
1342 413 1521 468 liquere
1541 415 1735 468 priores.

468 494 678 537 Tristius
702 491 836 536 haud
858 492 957 536 illis
979 501 1268 535 monstrum.
1300 505 1387 533 nec
1412 491 1602 540 saevior
1622 488 1724 532 ulla

467 571 629 615 Pestis
650 577 696 614 et
721 572 794 613 ira
818 568 961 612 deum
983 569 1176 622 Stygiis
1199 582 1302 612 sese
1321 567 1502 611 extulit-
1523 565 1684 611 undis.

468 648 687 702 Virginei
703 646 959 690 volucrum
981 644 1165 697 vultus,
1196 643 1481 688 foedissima
1502 645 1692 688 ventris

466 724 719 769 Proluvies
741 736 987 778 uncaeque
1007 737 1197 776 manus,
1228 726 1274 765 et
1298 719 1482 776 pallida
1500 733 1684 775 semper

469 801 566 845 Ora
599 801 740 845 fame.

531 876 642 919 Huc
664 876 747 919 ubi
771 875 920 919 delati
941 881 1113 931 portus
1137 876 1447 929 intravimus,
1477 886 1586 918 ecoe

469 955 621 998 Laeta
644 953 791 996 boum
814 954 1001 1007 passim
1023 954 1209 1006 campis
1233 957 1457 994 armenta
1479 949 1718 1005 Videmus,

473 1032 889 1085 Caprigenumque
910 1042 1055 1084 pecus
1077 1027 1212 1071 nullo
1235 1026 1435 1071 custode
1456 1041 1539 1081 per
1561 1024 1750 1070 herbas.

470 1108 710 1151 lrruimus
732 1106 873 1160 ferro,
901 1110 950 1149 et
972 1103 1116 1148 divos
1137 1106 1392 1158 ipsumque
1414 1117 1650 1146 vocamus

471 1184 529 1226 In
551 1192 741 1238 partem
756 1180 1082 1237 praedamque
1103 1179 1136 1224 J
1141 1195 1280 1224 ovem
1301 1195 1310 1235 3
1347 1187 1456 1222 tum
1478 1178 1622 1222 litore
1645 1192 1796 1221 curvo

470 1261 879 1313 Exstruimusque
899 1264 1046 1311 toros,
1077 1255 1375 1311 dapibusque
1396 1255 1649 1310 epulamur
1679 1255 1870 1308 opimis.

472 1340 537 1381 At
563 1335 753 1381 subitae
773 1333 1003 1378 horrifico
1025 1333 1168 1387 lapsu
1192 1332 1249 1377 de
1272 1331 1523 1376 montibus
1547 1330 1728 1374 adsunt

471 1413 735 1467 Harpyiae.
766 1423 811 1455 et
836 1412 1032 1464 magnis
1057 1411 1288 1464 quatiunt
1311 1407 1626 1462 clangoribus
1644 1406 1763 1461 alas.

472 1493 813 1545 Diripiuntque
836 1488 996 1543 dapes,
1028 1492 1349 1542 contactuque
1373 1487 1539 1529 omnia
1562 1484 1763 1527 foedant-

474 1566 732 1611 Immundo
753 1582 760 1621 ς
798 1577 905 1608 tum
927 1579 1025 1607 vox
1049 1570 1262 1608 taetrum
1286 1562 1394 1605 dira
1417 1564 1543 1604 inter
1571 1560 1777 1603 odorem.

474 1644 692 1688 Rursum
714 1645 764 1685 in
789 1656 979 1685 secessu
1000 1640 1148 1695 longo
1171 1638 1262 1684 sub
1284 1653 1405 1693 rupe
1426 1645 1619 1690 cavata,

476 1719 744 1765 Arboribus
767 1718 922 1761 clausi
945 1719 1128 1759 circum
1153 1726 1298 1771 atque
1320 1712 1633 1758 horrentibus
1654 1710 1855 1766 umbris,

473 1798 773 1843 Instruimus
795 1810 990 1838 mensas
1015 1796 1207 1848 arisque
1227 1794 1507 1847 reponimus
1529 1792 1704 1845 ignem.

473 1875 693 1919 Rursum
713 1888 772 1921 ex
795 1871 989 1914 diverso
1012 1869 1136 1912 caeli
1158 1871 1408 1922 caecisque
1429 1865 1631 1910 latebris

475 1951 637 1995 Turba
659 1963 843 1995 sonans
866 1946 1098 2002 praedam
1121 1944 1325 2000 pedibus
1348 1942 1671 1986 circumvolat
1692 1942 1848 1994 uncis,

477 2027 660 2071 Polluit
683 2040 763 2069 ore
785 2023 946 2078 dapes.
1018 2022 1173 2065 Sociis
1194 2027 1327 2075 tune,
1359 2033 1497 2062 arma
1520 2025 1790 2071 capessant,

479 2104 642 2155 Edico.
673 2108 719 2146 et
743 2101 850 2144 dira
872 2098 1052 2143 bellum
1074 2111 1186 2141 cum
1207 2104 1351 2152 gente
1372 2093 1649 2150 gerendum.

480 2179 626 2223 Haud
646 2194 783 2225 secus
807 2195 863 2224 ac
886 2179 1011 2233 jussi
1034 2177 1238 2227 faciunt,
1269 2183 1518 2226 tectosque
1539 2185 1620 2225 per
1643 2168 1845 2212 herbam

483 2259 758 2312 Disponunt
781 2271 918 2302 enses
940 2265 987 2300 et
1011 2261 1152 2300 scuta
1173 2252 1381 2296 latentia
1404 2247 1635 2293 condunt.

482 2337 613 2388 Ergo
634 2335 718 2378 ubi
741 2333 967 2388 delapsae
990 2334 1207 2376 sonitum
1227 2343 1310 2383 per
1333 2342 1485 2371 curva
1508 2325 1676 2370 dedere

483 2413 665 2464 Litora,
695 2410 782 2455 dat
803 2412 1001 2465 signum
1024 2406 1219 2463 specula
1240 2404 1458 2449 Misenus
1481 2402 1543 2447 ab
1565 2402 1670 2446 alta

484 2490 606 2533 Aere
626 2502 761 2532 cavo,
833 2485 1085 2530 Invadunt
1109 2485 1244 2537 socii,
1271 2488 1318 2526 et-
1336 2495 1466 2524 nova
1487 2477 1670 2534 proelia
1691 2481 1898 2529 tentant,

486 2564 730 2609 Obscenas
751 2563 911 2617 pelagi
934 2563 1061 2605 ferro
1084 2559 1278 2603 foedare
1302 2556 1536 2601 volucres.

486 2640 576 2686 Sed
598 2655 748 2695 neque
769 2642 871 2683 vim
896 2638 1073 2687 plumis
1095 2635 1247 2679 ullam
1269 2647 1355 2677 neo
1377 2632 1582 2676 vulnera
1602 2635 1741 2683 tergo

1965 566 1992 608 Ν)

2000 566 2021 606 μ

2029 564 2055 605 0!

1969 946 2059 990 990
