2228 3037
473 173 531 216 10
993 182 1034 213 P.
1080 180 1287 212 VERGlLl
1322 179 1547 211 MARosis

471 291 535 335 Et
559 289 854 334 formidatus
877 289 1044 332 naut-is
1069 289 1283 341 aperitur
1306 286 1495 340 Apollo.

470 367 617 411 Hunc
641 368 849 422 petimus
875 365 992 409 fessi
1013 370 1060 408 et
1084 378 1264 418 parvae
1282 362 1588 408 succedimus
1610 362 1720 406 urbi
1738 378 1747 419 ;

472 445 666 488 Ancora
691 441 748 486 de
769 455 913 496 prora
937 440 1130 495 jacitur,
1163 446 1300 484 stant
1323 438 1466 484 litore
1487 453 1683 494 puppes.

536 520 668 574 Ergo
691 521 941 573 insperata
965 515 1163 560 tandem
1187 515 1358 560 tellure
1380 516 1526 570 potiti

474 597 859 650 Lustramurque
883 593 915 637 J
919 595 999 637 ovi
1022 595 1246 646 votisque
1269 591 1574 636 incendimus
1597 607 1723 646 aras,

474 675 710 727 Actiaque
732 671 900 715 Iliacis
923 669 1222 714 celebramus
1246 668 1394 712 litora
1417 667 1560 712 ludis.

475 751 717 794 Exercent
740 750 930 803 patrias
955 746 1057 791 oleo
1079 745 1274 790 labente
1296 745 1569 801 palaestras

476 825 663 869 Nudati
686 826 807 870 socii
827 839 836 881 3
873 822 1016 877 juvat
1039 824 1256 866 evasisse
1279 826 1353 864 tot
1375 819 1518 865 urbes

477 901 744 956 Argolicas,
775 899 1052 954 mediosque
1076 899 1248 953 fugam
1271 899 1485 942 tenuisse
1507 911 1588 952 per
1611 896 1790 940 hostes.

478 978 668 1021 Interea
694 991 930 1031 magnum
954 975 1027 1019 sol
1050 974 1455 1018 circumvolvitur
1471 987 1667 1027 annum,

479 1056 539 1098 Et
565 1055 788 1107 glacialis
812 1053 968 1096 hiems
993 1050 1302 1106 aquilonibus
1327 1057 1521 1105 asperat-
1544 1048 1716 1093 undas.

480 1135 602 1176 Aere
624 1146 744 1174 cavo
769 1131 987 1184 clipeum‚
1019 1130 1190 1183 magni
1213 1136 1466 1183 gestamen
1490 1127 1719 1182 Abantis,

481 1209 712 1253 Postibus
736 1206 956 1251 adversis
979 1206 1089 1261 figo,
1119 1212 1167 1249 et
1189 1220 1291 1249 rem
1315 1207 1530 1248 carmine
1553 1206 1693 1258 signo
1713 1219 1720 1247 :

482 1289 696 1330 AENEAS
719 1296 856 1329 HAEC
880 1296 948 1328 DE
971 1283 1172 1326 DANAIS
1195 1293 1492 1326 VICTORIBUS
1517 1293 1672 1325 ARMA.

482 1365 720 1418 Linquere
742 1372 849 1405 tum
874 1370 1044 1416 portus
1067 1359 1207 1414 jubeo
1230 1367 1277 1404 et
1302 1358 1550 1403 considere
1570 1360 1820 1402 transtris.

484 1440 720 1484 Certatim
746 1439 865 1481 socii
889 1437 1072 1480 feriunt
1095 1451 1229 1479 mare
1252 1442 1298 1479 et
1323 1450 1531 1490 aequora
1555 1441 1770 1477 verrunt.

486 1517 718 1558 Protinus
743 1516 900 1558 aerias
923 1512 1206 1556 Phaeacum
1231 1510 1577 1555 abscondimus
1601 1525 1734 1554 arces

485 1594 747 1646 Litoraque
769 1590 908 1645 Epiri
930 1589 1139 1644 legimus
1162 1597 1398 1643 portuque
1421 1587 1641 1631 subimus

488 1668 722 1721 Chaonio.
750 1672 797 1710 et
820 1665 1000 1710 celsam
1022 1664 1259 1708 Buthroti
1281 1662 1556 1707 accedimus
1579 1663 1758 1706 urbem.

549 1743 644 1786 Hic
668 1741 966 1786 incredibilis
987 1756 1150 1784 rerum
1173 1740 1309 1784 fama
1333 1748 1538 1795 occupat
1562 1754 1715 1794 aures,

488 1819 770 1864 Priamiden
792 1818 1036 1863 Helenum
1060 1818 1238 1862 Graias
1259 1831 1465 1871 regnare
1487 1831 1569 1871 per
1593 1815 1746 1869 urbes,

491 1897 729 1952 Conjugio
752 1894 994 1940 Aeacidae
1015 1893 1199 1948 Pyrrhi
1221 1895 1515 1948 sceptrisque
1538 1894 1760 1947 potitum‚

490 1974 554 2017 Et
578 1975 738 2028 patrio
760 1970 1139 2016 Andromachen
1163 1972 1340 2014 iterum
1363 1971 1566 2013 cessisse
1588 1970 1780 2012 marito.

493 2050 731 2104 Obstipui,
763 2052 977 2103 miroque
1000 2049 1254 2091 incensum
1277 2057 1444 2100 pectus
1469 2059 1642 2088 amore.

494 2125 794 2179 Compellare
815 2126 990 2179 virum⁷
1021 2131 1069 2168 et
1093 2137 1237 2167 casus
1262 2136 1550 2176 cognoscere
1581 2127 1765 2165 tantos.

494 2200 784 2256 Progredior
801 2208 958 2256 portu,
990 2200 1170 2244 classes
1193 2208 1240 2244 et
1263 2199 1410 2242 litora
1432 2197 1670 2253 linquens,

497 2279 758 2324 Sollemnes
782 2292 892 2321 cum
916 2277 1041 2321 forte
1064 2276 1211 2331 dapes
1233 2283 1281 2320 et
1304 2276 1470 2320 tristia
1492 2273 1622 2319 dona

497 2358 625 2400 Ante
645 2354 813 2398 urbem
836 2356 886 2398 in
910 2354 1018 2397 luco
1042 2353 1157 2398 falsi
1181 2353 1442 2397 Simoentis
1465 2350 1527 2396 ad
1548 2350 1734 2395 undam

498 2431 707 2475 Libabat
730 2432 879 2474 cineri
902 2429 1259 2483 Andromache,
1287 2428 1550 2483 Manesque
1570 2426 1780 2471 vocabat

498 2508 788 2552 Hectoreum
814 2506 875 2551 ad
899 2507 1155 2561 tumulum,
1186 2504 1336 2550 viridi
1357 2519 1497 2560 quem
1519 2505 1730 2558 caespite
1750 2505 1947 2546 inanem

499 2585 564 2629 Et
587 2585 823 2639 geminas,
852 2597 1052 2627 causam
1074 2582 1304 2636 lacrimis,
1336 2584 1618 2625 sacraverat
1641 2592 1766 2623 aras.

562 2659 633 2706 Ut
655 2672 731 2703 me
753 2660 1004 2713 conspexit
1028 2661 1314 2712 venientem,
1345 2663 1393 2701 et
1415 2655 1560 2699 Troia
1594 2655 1778 2698 circum

1994 2196 2085 2238 300
