2228 3037
498 151 554 196 18
1015 161 1054 191 P.
1088 159 1295 191 VERGILI
1330 157 1552 189 MARoxis

495 268 529 313 J
532 284 611 313 am
633 269 840 324 propior,
871 266 1197 321 templumque
1221 268 1421 318 apparet
1444 265 1494 306 in
1518 277 1626 306 arce
1648 262 1905 305 Minervae.

497 345 614 390 Vela
635 345 805 399 legunt
829 344 960 397 socii,
989 350 1036 386 et
1061 355 1230 396 proras
1253 339 1315 384 ad
1337 339 1485 383 litora
1503 345 1744 393 torquent.

497 422 676 466 Portus
700 419 760 464 ab
783 419 947 464 Euroo
969 416 1124 462 fluctu
1146 423 1381 461 curvatus
1405 418 1458 460 in
1482 429 1651 460 arcum
1673 429 1685 472 ;

501 497 727 552 Objectae
749 496 880 541 salsa
905 499 1137 549 spumant
1161 494 1422 547 aspargine
1445 496 1612 536 cautes
1635 506 1646 549 ;

500 575 521 617 Ἰ
526 588 607 628 pse
627 573 747 617 latet
767 586 776 628 3
815 572 1008 626 gemino
1031 568 1298 614 demittunt-
1319 567 1551 611 bracchia
1568 581 1707 610 muro

498 650 681 693 Turriti
703 646 902 703 scopuli,
932 645 1208 701 refugitque
1228 643 1290 688 ab
1312 643 1453 687 litore
1474 642 1720 697 templum.

502 730 745 781 Quattuor
767 724 860 780 hic,
890 724 1102 778 primum
1124 735 1276 775 omen,
1306 735 1452 775 equos
1477 723 1527 764 in
1550 723 1768 775 gramine
1799 718 1902 762 vidi

501 802 773 847 'Pondentes
796 815 1022 856 campum
1044 799 1154 854 late,
1185 797 1393 842 candore
1416 798 1586 842 nivali.

505 883 567 924 Et
590 890 726 936 pater
748 878 989 922 Anchises
1011 891 1019 920 :
1066 875 1294 931 ι1351111111,
1327 889 1353 918 0
1376 882 1506 919 terra
1529 875 1740 929 hospita,
1770 884 1936 927 portas
1956 887 1964 928 ς

505 956 639 1001 Bello
662 965 918 999 armantur
940 954 1061 1008 equi,
1091 951 1272 996 bellum
1295 951 1413 995 haec
1437 958 1658 995 armenta
1681 952 1947 992 minant-ur.
2000 946 2089 989 540

508 1033 596 1078 Sed
618 1040 784 1077 tamen
806 1030 934 1075 idem
956 1029 1075 1073 olim
1098 1043 1244 1072 curru
1268 1027 1520 1073 succedere
1542 1029 1667 1072 sueti

507 1107 863 1164 Quadrupedes,
894 1113 942 1151 et
965 1106 1106 1151 frena
1128 1104 1245 1159 jugo
1269 1103 1529 1148 concordia
1551 1103 1702 1160 ferre3

509 1189 622 1241 Spes
643 1192 690 1230 et
712 1185 882 1241 pacis,’
907 1185 991 1228 ait.
1061 1182 1188 1226 Tum
1210 1183 1414 1224 numina
1438 1190 1611 1225 sancta
1633 1194 1886 1234 precamur

512 1261 726 1307 Palladis
748 1263 1035 1315 armisonae,
1067 1273 1187 1314 quae
1212 1260 1369 1312 prima
1394 1259 1577 1311 accepit
1601 1262 1823 1308 ovantes,

512 1342 574 1383 Et
597 1341 760 1393 capita
783 1348 898 1382 ante
921 1352 1033 1381 aras
1057 1336 1279 1390 Phrygio
1300 1334 1521 1379 velamur
1544 1334 1755 1388 amictu3

513 1417 880 1469 ‘praeceptisque
901 1412 1089 1467 Heleni,
1121 1410 1319 1456 dederat
1343 1425 1464 1465 quae
1485 1410 1716 1463 maxima,
1746 1409 1838 1451 rite

513 1492 702 1534 {Iunoni
723 1491 939 1543 Argivae
961 1487 1124 1542 jussos
1149 1486 1400 1530 adolemus
1424 1485 1645 1528 honores.

574 1564 722 1610 Haud
743 1579 892 1619 mora,
924 1565 1156 1606 continuo
1177 1562 1406 1616 perfectis
1424 1559 1590 1604 ordine
1612 1561 1743 1603 votis

516 1645 710 1689 Cornua
734 1641 1010 1685 velatarum
1033 1638 1335 1683 obvertimus
1359 1646 1698 1680 antennarum.

517 1721 941 1772 Graiugenumque
963 1715 1133 1759 domos
1157 1723 1474 1768 suspectaque
1496 1712 1762 1766 linquimus
1785 1725 1918 1754 arva.
2013 1709 2101 1751 500

519 1796 647 1839 Hinc
669 1797 807 1839 sinus
830 1791 1069 1845 Herculei,
1101 1793 1143 1835 si
1166 1805 1282 1834 vera
1304 1800 1379 1834 est
1403 1789 1549 1841 fama,
1579 1787 1781 1831 Tarenti

519 1873 769 1931 Cernitur..
831 1867 1032 1914 Attollit
1056 1882 1105 1912 se
1129 1865 1244 1910 diva
1267 1866 1474 1910 Lacinia
1496 1870 1682 1918 contra,

519 1946 846 2000 Caulonisque
867 1958 1002 1988 arces
1023 1949 1072 1986 et
1094 1942 1413 1995 navifragum
1438 1939 1734 1992 Scylaceum.

519 2025 643 2067 Tum
663 2020 831 2078 procul
851 2034 877 2065 e
897 2019 1052 2064 fluctu
1073 2019 1328 2062 Trinacria
1350 2019 1564 2061 cernitur
1588 2016 1761 2071 Aetna,

522 2102 586 2145 Et
620 2102 854 2155 gemitum
877 2099 1127 2152 ingentem
1150 2096 1310 2152 pelagi
1332 2094 1622 2151 pulsataque
1644 2106 1767 2137 saxa
2018 2091 2106 2133 555

523 2177 762 2222 Audimus
784 2175 926 2229 longe
948 2175 1230 2229 fractasque
1252 2171 1314 2217 ad
1336 2172 1483 2215 litora
1505 2185 1662 2217 voces.

526 2252 884 2307 Exsultantque
905 2251 1049 2307 vada,
1080 2256 1224 2306 atque
1246 2256 1386 2294 aestu
1403 2251 1669 2293 miscentur
1692 2247 1916 2292 harenae.

525 2331 589 2374 Et
610 2334 747 2385 pater
771 2327 1011 2373 Anchises
1030 2342 1038 2371 ε
1087 2331 1095 2352 ‘
1114 2328 1359 2371 Nimirum
1380 2325 1501 2370 haec
1524 2325 1611 2370 illa
1634 2323 1910 2378 Charybdis
1930 2338 1938 2378 ;

525 2405 630 2450 Hos
652 2404 868 2449 Helenus
892 2404 1129 2459 scopulos,
1161 2403 1282 2448 haec
1307 2418 1429 2448 saxa
1452 2401 1696 2446 horrenda
1718 2399 1936 2444 canebat.

526 2482 726 2537 Eripite,
754 2494 782 2524 ο
805 2481 937 2536 socii,
968 2481 1245 2535 pariterque
1265 2480 1507 2534 insurgite
1526 2476 1708 2522 remis.'
2019 2473 2108 2517 560

526 2556 674 2603 Haud
697 2558 859 2600 minus
883 2570 939 2599 ac
961 2554 1085 2610 jussi
1109 2555 1311 2609 faciunt,
1342 2556 1621 2610 primusque
1640 2550 1894 2597 rudentem

528 2635 779 2683 Contorsit
801 2632 967 2678 laevas
991 2648 1187 2689 proram
1210 2631 1475 2678 Palinurus
1499 2628 1561 2676 ad
1584 2626 1743 2675 undas
1763 2642 1774 2688 3

1995 564 2021 608 (ΣΙ

2025 565 2051 607 00

2058 564 2083 608 0!

2005 1331 2031 1374 Q(

2036 1330 2094 1374 ἓῗ.
