2228 3037
450 176 479 221 6
970 187 1011 218 P.
1054 187 1261 218 VERGILI
1295 186 1517 218 MARONIS

512 295 621 338 Nox
642 304 761 348 erat,
791 303 839 337 et
864 294 1008 336 terris
1033 290 1269 335 animalia
1294 305 1495 336 somnus
1518 291 1731 335 habebat
1753 306 1761 335 :

450 369 648 426 Effigies
672 383 839 414 sacrae
863 367 1045 422 divum,
1076 368 1379 423 Phrygiique
1402 367 1623 423 Penates,

454 447 584 502 Quos
606 461 794 491 mecum
818 461 847 490 a
868 444 1016 499 Troja
1041 444 1303 500 mediisque
1324 459 1383 488 ex
1406 443 1602 499 ignibus
1623 444 1759 490 urbis

453 523 756 578 Extuleram,
784 524 881 567 visi
905 528 1020 566 ante
1041 522 1208 566 oculos
1232 528 1397 566 ast-are
1428 520 1635 576 jacentis

452 598 513 643 In
534 601 732 654 somnis,
763 597 919 642 multo
942 597 1196 642 manifesti
1216 597 1413 652 lumine,
1442 611 1538 653 qua
1559 610 1611 642 se

452 675 604 721 Plena
626 690 708 730 per
730 677 942 720 insertas
965 672 1201 719 fundebat
1224 673 1344 718 luna
1368 674 1638 731 fenestras3

452 753 576 797 Tum
599 754 669 797 sic
692 751 847 807 affari,
877 757 925 796 et
947 765 1092 796 curas
1109 750 1189 795 his
1213 749 1402 795 demere
1425 748 1571 795 dictis
1593 764 1602 794 :

463 836 470 855 ‘-
491 828 630 884 Quod
654 828 744 873 tibi
767 829 927 873 delato
952 828 1213 883 Ortygiam
1237 826 1459 872 dicturus
1481 826 1658 882 Apollo
1678 831 1766 882 est,

454 906 549 950 Hic
571 908 720 960 canit,
750 915 797 950 et
822 912 910 950 tua
933 919 1023 950 nos
1043 919 1104 949 en
1126 905 1257 951 ultro
1283 903 1344 948 ad
1366 904 1540 948 limina
1561 906 1732 948 mittit.

456 985 555 1029 Nos
578 990 638 1040 te,
670 982 924 1027 Dardania
948 985 1162 1038 incensa,
1190 989 1370 1038 tuaque
1394 997 1532 1026 arma
1556 984 1723 1035 secuti,

457 1063 556 1106 Nos
578 1060 822 1105 tumidum
848 1060 937 1105 sub
960 1066 1007 1105 te
1030 1062 1272 1116 permensi
1291 1059 1530 1105 classibus
1554 1073 1743 1114 aequor.

456 1138 589 1183 Idem
612 1145 845 1182 venturos
868 1137 1095 1182 tollemus
1118 1140 1170 1180 in
1194 1144 1330 1181 astra
1364 1147 1571 1192 nepotes

457 1216 812 1271 Imperiumque
834 1213 943 1257 urbi
966 1213 1204 1259 dabimus.
1277 1214 1350 1257 Tu
1373 1217 1565 1258 moenia
1588 1216 1785 1267 magnis

458 1292 642 1347 Magna
665 1306 798 1346 para,
829 1291 1124 1346 longumque
1145 1289 1293 1344 fugae
1314 1304 1375 1334 ne
1396 1289 1562 1344 linque
1593 1289 1820 1332 laborem.

460 1367 725 1412 Mutandae
748 1366 895 1412 sedes.
968 1366 1079 1411 Non
1101 1366 1222 1411 haec
1244 1365 1336 1411 tibi
1358 1365 1504 1410 litora
1529 1368 1685 1410 suasit

461 1446 624 1490 Delius
648 1452 733 1488 aut
757 1444 930 1490 Cretae
952 1444 1100 1498 jussit
1123 1442 1371 1489 considere
1391 1443 1580 1498 Apollo,

461 1523 551 1567 Est
573 1522 721 1576 locus,
752 1520 1040 1575 Hesperiam
1065 1520 1185 1564 Grai
1215 1522 1504 1574 cognomine
1527 1518 1709 1573 dicunu

460 1598 607 1643 Terra
631 1598 847 1651 antiqua,
878 1607 1048 1650 potens
1073 1598 1224 1639 armis
1249 1602 1393 1650 atque
1412 1593 1556 1638 ubere
1577 1593 1777 1648 glaebae
1799 1609 1807 1649 ς

464 1674 662 1719 Oenotri
685 1672 871 1716 coluere
894 1674 989 1716 viri
1013 1688 1021 1729 3
1060 1687 1189 1715 nunc
1224 1672 1371 1728 fama⁷
1402 1673 1614 1715 minores

463 1751 663 1795 Italiam
686 1748 869 1794 dixisse
892 1748 1029 1794 ducis
1053 1749 1110 1794 de
1131 1751 1327 1793 nomine
1349 1755 1543 1802 gentem
1562 1764 1570 1792 :

465 1827 572 1871 Hae
593 1826 735 1870 nobis
756 1828 981 1881 propriae
1004 1825 1140 1871 sedes
1160 1841 1169 1881 3
1206 1825 1324 1869 hinc
1347 1824 1610 1869 Dardanus
1635 1835 1785 1879 ortus‚

466 1906 892 1959 Iasiusque-pater,
920 1917 1073 1958 genus
1098 1917 1126 1947 a
1149 1916 1244 1958 quo
1266 1904 1485 1958 principe
1506 1911 1746 1946 nostrum.

468 1982 618 2035 Surge
642 1995 742 2035 age,
773 1986 819 2023 et
844 1980 963 2024 haec
986 1979 1146 2025 laetus
1169 1980 1409 2034 longaevo
1432 1977 1565 2022 dicta
1585 1980 1775 2034 parenti

467 2058 615 2102 Haud
638 2057 909 2101 dubitanda
931 2058 1055 2102 refer
1075 2074 1082 2102 :
1123 2057 1399 2112 Corythum
1420 2063 1670 2111 terrasque
1690 2057 1903 2109 requirat

468 2137 727 2180 Ausonias.
800 2133 1003 2179 Dictaea
1026 2141 1173 2189 negat
1197 2133 1288 2178 tibi
1312 2133 1345 2178 J
1348 2135 1540 2189 uppiter
1563 2133 1718 2177 arva.⁷
1890 2137 1892 2139 '

529 2211 730 2256 Talibus
755 2213 998 2256 attonitus
1021 2212 1144 2256 visis
1166 2219 1214 2255 et
1237 2225 1356 2255 voce
1378 2209 1637 2255 deorum—

469 2291 568 2335 Nec
591 2303 732 2343 sopor
756 2287 877 2331 illud
900 2298 1005 2332 erat
1027 2304 1037 2346 ς
1075 2288 1159 2334 sed
1177 2303 1344 2332 coram
1368 2301 1630 2343 agnoscere
1651 2287 1820 2331 vultus

470 2367 762 2420 Velatasque
784 2378 949 2408 comas
972 2368 1341 2420 praesentiaque
1363 2380 1449 2409 ora
1480 2362 1682 2408 videbar
1705 2378 1713 2419 ;

469 2445 593 2487 Tum
616 2442 804 2498 gelidus
828 2448 934 2485 toto
957 2442 1194 2486 manabat
1217 2456 1414 2497 corpore
1436 2439 1644 2486 sudor-—

472 2520 692 2574 Corripio
715 2534 739 2563 e
764 2521 938 2564 stratis
963 2533 1150 2574 corpus,
1182 2517 1423 2573 tendoque
1455 2518 1657 2573 supinas

474 2594 552 2642 Ad
573 2595 759 2640 caelum
783 2609 893 2638 cum
916 2609 1034 2639 voce
1056 2610 1248 2649 manus,
1275 2600 1323 2639 et
1344 2607 1548 2638 munera
1568 2590 1667 2635 libo

473 2671 773 2719 Intemerata
795 2670 930 2715 focis.
1003 2669 1227 2715 Perfecto
1248 2667 1408 2714 laetus
1439 2664 1624 2717 honore

1951 520 2040 564 150

1956 899 2044 944 155

1958 1285 2047 1328 160

1963 1666 2052 1711 165

1968 2051 2056 2094 170

1971 2435 2061 2480 175
