2261 3117
742 217 999 249 AENEIDOS
1033 217 1129 249 LIB.
1172 217 1245 249 111.

181 323 406 370 Threicio
429 325 546 380 regi,
578 337 692 368 oum
715 323 818 379 jam
842 321 1081 369 diffideret
1108 326 1259 370 armis

182 399 476 458 Dardaniae,
507 402 736 458 cingique
757 400 930 446 urbem
955 400 1209 447 obsidione
1241 399 1443 446 videret.

181 477 283 535 Ille,
311 483 370 523 ut
392 492 507 534 opes
530 477 721 523 fractae
742 477 998 534 Teucrum,
1028 484 1077 523 et
1099 478 1324 523 Fortuna
1357 480 1572 533 recessit,

181 555 283 603 Res
303 556 728 612 Agamemnonias
751 558 1075 613 victriciaque
1099 572 1239 601 arma
1263 563 1474 613 secutus,

184 634 284 681 Fas
305 649 450 680 omne
471 633 751 691 abrumpit,
790 633 1097 689 Polydorum
1121 634 1400 690 obtruncat,
1432 643 1479 678 et
1516 648 1637 678 auro

186 711 250 757 Vi
269 714 472 770 potitur.
546 710 676 768 Quid
699 725 801 755 non
823 712 1059 757 mortalia
1082 722 1283 769 pectora
1307 714 1460 767 cogis,

185 791 310 837 Auri
332 806 477 838 sacra
499 790 657 836 fames
675 789 696 835 ‘?
731 789 1009 847 Postquam
1030 805 1188 847 pavor
1212 805 1327 836 ossa
1349 790 1560 846 reliquit,

185 869 408 914 Delectos
430 869 601 925 populi
623 867 687 914 ad
710 882 933 924 proceres
951 871 1262 925 primumque
1282 876 1537 925 parentem

187 947 413 993 Monstra
437 947 582 993 deum
604 948 776 1005 refero,
805 954 868 1005 et,
899 962 1022 1004 quae
1047 949 1112 992 sit
1136 949 1399 1003 sententia,
1429 961 1590 1002 posco.

187 1025 430 1072 Omnibus
451 1025 581 1072 idem
605 1029 819 1084 animus,
850 1026 1091 1073 scelerata
1113 1024 1342 1071 excedere
1364 1030 1510 1078 terra,

188 1105 371 1161 Linqui
391 1104 638 1161 pollutum
660 1105 949 1163 hospitium,
980 1113 1026 1149 et
1051 1103 1169 1149 dare
1191 1102 1436 1149 classibus
1461 1113 1671 1148 austros.

186 1182 320 1238 Ergo
340 1184 686 1228 instauramus
709 1181 959 1238 Polydoro
983 1182 1148 1238 funus,
1177 1186 1228 1226 et
1249 1182 1425 1235 ingens

188 1262 459 1317 Aggeritur
481 1260 676 1306 tumulo
698 1260 846 1306 tellus
871 1276 880 1317 ς
921 1268 1060 1304 stant
1085 1259 1318 1304 manibus
1344 1274 1458 1303 arae

189 1338 438 1384 Caeruleis
460 1347 678 1384 maestae
700 1340 847 1383 vittis
873 1343 1078 1393 atraque
1112 1352 1354 1393 cupressQ

194 1417 260 1460 Et
284 1418 473 1460 circum
495 1415 679 1461 Iliades
704 1418 889 1461 crinem
913 1415 971 1461 de
993 1430 1126 1460 more
1150 1416 1339 1461 solutae
1360 1431 1368 1471 ς

192 1493 459 1538 Inferimus
482 1492 648 1550 tepido
670 1495 960 1550 spumantia
983 1492 1182 1547 cymbia
1214 1492 1355 1549 lacte,

193 1572 463 1627 Sanguinis
485 1580 534 1616 et
558 1573 689 1617 sacri
710 1576 924 1628 pateras,
956 1573 1272 1627 animamque
1296 1570 1518 1626 sepulcro

192 1649 476 1707 Condimus,
506 1656 557 1696 et
579 1665 765 1707 magna
789 1665 1075 1707 supremum
1096 1664 1216 1695 voce
1239 1652 1438 1695 ciemus.

252 1726 375 1774 Inde
396 1727 485 1772 ubi
500 1729 664 1784 prima
685 1727 809 1773 fides
833 1727 1023 1784 pelago,
1053 1727 1348 1784 placataque
1371 1730 1510 1772 venti

192 1805 326 1850 Dant-
349 1807 523 1862 maria,
553 1811 603 1852 et
624 1805 751 1852 lenis
776 1808 1026 1861 crepitans
1049 1812 1199 1850 vocat
1222 1812 1389 1851 auster
1413 1808 1464 1848 in
1489 1805 1662 1858 altum,

193 1883 452 1929 Deducunt
475 1886 599 1930 socii
620 1899 776 1930 naves
798 1890 847 1929 et
869 1883 1021 1928 litora
1045 1883 1305 1939 complent.

193 1963 521 2009 Provehimur
543 1968 703 2019 portu,
734 1968 992 2019 terraeque
1013 1962 1254 2017 urbesque
1277 1961 1527 2006 recedunt.

195 2041 344 2086 Sacra
366 2043 494 2085 mari
517 2041 698 2086 colitur
720 2040 883 2087 medio
905 2042 1197 2097 gratissima
1222 2040 1366 2085 telius

198 2117 459 2164 Nereidum
481 2121 634 2164 matri
653 2125 704 2165 et
725 2119 958 2176 Neptuno
992 2119 1202 2175 Aegaeo,

198 2194 359 2249 Quam
380 2197 492 2250 pius
514 2196 809 2243 Arcitenens
832 2211 947 2243 oras
969 2204 1017 2243 et
1040 2197 1190 2242 litora
1224 2199 1410 2241 circum

198 2271 463 2317 Errantem
484 2271 697 2327 Mycono
719 2289 744 2319 e
768 2275 898 2320 celsa
923 2273 1187 2331 Gyaroque
1207 2276 1438 2329 revinxit,

199 2348 560 2405 Immotamque
581 2350 678 2394 coli
701 2350 836 2395 dedit
858 2358 904 2396 et
931 2356 1245 2397 contemnere
1266 2362 1457 2396 ventos.

199 2426 313 2471 Huc
335 2427 466 2472 feror
488 2443 497 2486 ;
536 2427 657 2473 haec
682 2428 839 2474 fessos
863 2436 974 2473 tuto
998 2428 1338 2485 placidissima
1360 2443 1506 2485 portu

199 2506 408 2560 Accipit.
481 2504 686 2561 Egressi
707 2520 1002 2550 veneramur
1025 2505 1275 2561 Apollinis
1306 2506 1491 2551 urbem.

198 2582 307 2628 Rex
328 2583 505 2640 Anius,
535 2597 622 2629 rex
644 2582 774 2628 idem
798 2583 1059 2628 hominum
1078 2567 1362 2640 Phoebique
1385 2583 1627 2637 sacerdos,

200 2659 357 2707 vittis
377 2667 427 2707 et
451 2675 596 2708 sacra
617 2660 878 2707 redimitus
901 2667 1125 2717 tempora
1146 2660 1301 2718 lauro,

200 2737 456 2803 Occurrit5
493 2743 708 2786 veterem
731 2737 986 2785 Anchisen
1009 2740 1218 2801 agnovit
1241 2741 1469 2784 amicum.

1747 1024 1805 1066 60

1755 2582 1814 2624 80
