2261 3117
724 150 982 184 AENEIDOS
1018 150 1115 185 LIB.
1157 147 1231 185 111.

174 259 368 305 Sacrati
389 262 585 316 capit-is,
613 274 783 317 meque
807 259 872 303 ad'
895 266 984 304 tua
1007 260 1199 316 limina,
1231 260 1440 315 Phoebe,

171 337 285 393 Ipse
304 352 457 382 manu
476 330 642 382 multo
659 350 953 392 suspensum
975 339 1179 382 numine
1202 336 1351 393 ducit,

172 415 334 470 Atque
354 414 477 459 haec
499 413 672 459 deinde
693 416 830 458 canit
855 403 1025 458 divino
1047 429 1108 458 ex
1133 428 1214 459 ore
1238 413 1466 459 sacerdos
1490 429 1498 457 :

182 493 335 538 ‘Nate
357 492 632 538 dea—nam
654 497 704 538 te
724 492 1000 548 majoribus
1023 495 1094 538 ire
1116 508 1199 549 per
1223 493 1381 537 altum

173 572 423 627 Auspiciis
441 571 711 617 manifesta
734 571 855 616 fides
879 587 887 615 :
928 573 999 616 sic
1023 572 1133 616 fata
1157 571 1301 616 deum
1323 587 1408 616 rex

175 649 403 706 Sortitur,
434 649 689 706 volvitque
710 652 843 695 vices
866 665 876 707 3
914 652 957 694 is
981 652 1194 695 vertitur
1212 649 1391 694 ordo—-

174 727 343 772 Pauca
366 726 460 771 tibi
480 741 507 772 e
528 727 714 782 multis,
746 742 841 783 quo
867 729 1022 771 tutior
1045 726 1248 782 hospita
1270 727 1450 771 lustres

174 807 414 863 Aequora,
443 812 492 851 et
513 806 738 852 Ausonio
761 809 922 862 possis
946 805 1199 851 considere
1221 817 1382 861 portu,

174 881 450 938 Expediam
472 881 622 928 dictis
645 897 655 940 3
692 882 955 938 prohibent
978 897 1099 946 narn
1122 893 1287 935 ceteras
1305 882 1502 947 Parcae}

176 962 308 1007 Scire
328 960 585 1017 Helenum,
616 960 809 1016 farique
830 961 1228 1005 vetat'Saturnia
1253 950 1484 1025 ιῘ11110.ή]

175 1040 427 1094 Principio
448 1038 665 1095 Italiam,
697 1054 847 1094 quam
869 1044 926 1083 tu
949 1039 1052 1094 jam
1074 1053 1179 1083 rere
1200 1041 1526 1094 propinquam

177 1117 482 1173 Vicinosque,
513 1119 698 1174 ignare,
729 1133 878 1173 paras
901 1117 1133 1162 invadere
1154 1129 1339 1174 portus,

176 1196 351 1250 Longa
372 1195 543 1251 procul
564 1195 729 1251 longis
751 1197 837 1240 via
861 1195 1042 1239 dividit
1065 1198 1204 1239 invia
1228 1198 1387 1240 terris.

177 1274 309 1316 Ante
329 1277 378 1316 et
399 1262 681 1315 Trinacria*
680 1271 948 1316 lentandus
971 1287 1136 1315 remus
1160 1274 1214 1314 in·
1236 1271 1383 1326 unda,

178 1351 245 1394 Et
267 1349 389 1395 salis
411 1334 624 1394 Auso'hii
645 1348 964 1394 lustrandum
988 1349 1201 1394 navibus
1227 1361 1405 1404 aequor

180 1427 461 1482 Infernique
482 1425 621 1471 lacus
644 1427 925 1482 Aeaeaeque
947 1427 1112 1472 insula
1136 1427 1319 1482 Circae,

182 1502 342 1557 Quam
365 1508 476 1546 tuta
498 1504 658 1557 possis
681 1502 850 1547 urbem
873 1518 1160 1558 componere
1183 1516 1326 1547 terra.

182 1580 333 1634 Signa
356 1577 447 1622 tibi
470 1577 644 1635 dicam,
675 1586 733 1622 tu
756 1579 958 1623 condita
980 1590 1142 1624 mente
1165 1591 1328 1624 teneto
1348 1595 1357 1623 :

183 1656 306 1701 Cum
329 1656 422 1699 tibi
444 1655 658 1700 sollicito
681 1659 855 1701 secreti
878 1656 941 1701 ad
963 1655 1185 1702 fluminis
1208 1657 1395 1700 undam

181 1734 393 1778 Litoreis
416 1735 590 1788 ingens
612 1734 818 1778 inventa
840 1735 932 1780 sub
958 1735 1153 1780 ilicibus
1177 1751 1275 1792 sus,

180 1813 407 1868 Triginta
429 1814 649 1867 capitum
671 1812 802 1858 fetus
819 1816 965 1858 enixa
987 1813 1180 1871 jacebit,

182 1888 322 1944 Alba,
353 1888 458 1933 solo
478 1887 731 1945 recubans,
763 1890 863 1933 albi
886 1893 1072 1933 circum
1094 1890 1244 1935 ubera
1269 1893 1391 1945 nati,

184 1966 232 2011 Is
254 1966 392 2010 locus
414 1964 549 2010 urbis
571 1967 678 2022 erit,
709 1970 898 2021 requies
920 1983 975 2011 ea
1000 1979 1133 2012 certa
1156 1968 1394 2011 laborum.

182 2045 281 2088 Nec
304 2051 361 2087 tu
383 2057 667 2087 mensarum
689 2059 883 2090 morsus
908 2045 1132 2089 horresce
1155 2045 1348 2089 futuros
1373 2061 1381 2089 :

184 2121 311 2165 Fata
332 2123 467 2166 viam
490 2125 755 2179 invenient,
787 2122 1037 2177 aderitque
1060 2133 1267 2166 vocatus
1290 2123 1478 2177 Apollo.

184 2196 293 2241 Has
315 2205 481 2243 autem
503 2206 675 2257 terras,
707 2199 919 2255 Italique
941 2199 1071 2243 hanc
1095 2199 1257 2244 litoris
1281 2215 1432 2255 oram,

185 2275 419 2321 Proxima
440 2293 564 2332 quae
584 2280 745 2323 nostri
764 2278 1077 2333 perfunditur
1100 2281 1322 2334 aequoris
1346 2291 1498 2323 aestu.

184 2352 358 2408 Effuge
376 2369 385 2411 ;
423 2361 602 2398 cuncta
624 2355 770 2400 malis
792 2354 1086 2399 habitantur
1107 2358 1300 2399 moenia
1325 2355 1484 2400 Grais.

183 2429 281 2474 Hic
301 2439 350 2476 et
373 2432 578 2486 Narycii
599 2440 868 2488 posuerunt
891 2436 1084 2478 moenia
1117 2434 1274 2488 Locri,

183 2508 250 2552 Et
272 2507 572 2554 Sallentinos
596 2509 787 2555 obsedit
805 2510 962 2555 milite
984 2525 1186 2566 campos

182 2586 389 2641 Lyctius
410 2585 700 2632 Idomeneus
723 2573 858 2644 shie
877 2588 962 2632 illa
986 2588 1125 2634 ducis
1148 2589 1370 2633 Meliboei

181 2663 349 2709 Parva
371 2662 679 2710 Philoctetae
702 2664 916 2710 subnixa
941 2666 1126 2710 Petelia
1141 2658 1305 2710 vmuro.

1697 959 1790 1003 380

1698 1349 1790 1393 385

1698 1736 1790 1779 390

1693 2511 1787 2553 400
