2228 3037
437 177 468 221 4
959 187 1000 218 P.
1043 186 1251 217 VERGILI
1285 185 1507 218 MARONIS

440 293 472 339 J
476 295 709 348 ungimus
730 291 947 347 hospitio
971 290 1168 335 dextras
1190 302 1237 335 et
1260 300 1389 335 tecta
1413 290 1647 337 subimus.

500 369 701 424 Templa
723 367 800 413 dei
823 381 944 413 saxo
966 367 1235 412 venerabar
1259 374 1450 412 structa
1471 373 1669 412 vetusto
1687 383 1697 413 :

449 449 549 491 ‘Da
572 448 832 503 propriam,
861 445 1178 500 Thymbraee,
1209 444 1435 502 domum3
1473 444 1537 489 da
1558 448 1750 490 moenia
1771 446 1915 491 fessis
1970 444 2028 488 85

441 525 505 568 Et
529 538 682 578 genus
704 528 752 567 et
774 536 1061 566 mansuram
1084 521 1266 565 urbem.
1338 522 1488 565 Serva
1511 521 1666 566 altera
1681 521 1855 576 Trojae

441 601 695 655 Pergama,
724 599 954 654 reliquias
979 598 1207 641 Danaum
1231 605 1376 653 atque
1397 599 1604 643 immitis
1625 597 1822 643 Achilli.

441 676 595 730 Quem
618 675 900 731 sequimur?
934 689 1091 731 quove
1111 676 1182 719 ire
1203 674 1377 729 jubes?
1410 674 1495 717 ubi
1516 689 1692 730 ponere
1714 674 1885 719 sedes?

442 753 530 803 Da,
558 760 709 808 pater,
739 753 1012 807 augurium,
1043 755 1188 807 atque
1209 752 1390 795 animis
1411 749 1608 795 illabere
1628 751 1847 795 nostris.’

503 829 599 873 Vix
620 844 676 873 ea
700 829 835 873 fatus
857 843 992 872 eram
1010 843 1018 872 :
1057 833 1261 872 tremere
1284 829 1449 871 omnia
1471 829 1581 872 visa
1601 832 1808 882 repente,
1976 826 2034 868 90

442 907 731 961 Liminaque
751 906 1016 960 laurusque
1039 904 1127 960 dei,
1158 910 1387 959 totusque
1409 906 1597 948 moveri

442 984 586 1028 Mons
609 986 806 1038 circum,
831 988 879 1026 et
901 984 1091 1036 mugire
1115 981 1282 1036 adytis
1306 984 1498 1025 cortina
1529 982 1747 1026 reclusis.

445 1061 685 1105 Submissi
701 1062 913 1116 petimus
935 1065 1132 1115 terram,
1162 1065 1209 1103 et
1235 1073 1330 1102 vox
1347 1059 1503 1102 fertur
1526 1057 1588 1102 ad
1611 1073 1752 1103 aures
1773 1074 1782 1102 :

452 1142 460 1163 ‘
478 1137 794 1182 Dardanidae
815 1136 939 1193 duri,
968 1151 1091 1192 quae
1110 1151 1200 1181 vos
1223 1151 1252 1180 a
1276 1138 1426 1190 stirpe
1446 1142 1706 1191 parentum
1906 1192 1913 1193 ἶ

443 1216 613 1259 Prima
634 1215 753 1258 tulit
775 1214 936 1270 tellus,
965 1212 1135 1258 eadem
1158 1227 1248 1257 vos
1270 1212 1416 1257 ubere
1436 1212 1567 1256 laeto
1979 1209 2037 1253 95

443 1293 663 1347 Accipiet
684 1290 895 1335 reduces.
968 1290 1241 1344 Antiquam
1262 1291 1503 1344 exquirite
1524 1298 1746 1332 matrem.

445 1368 540 1410 Hic
564 1367 736 1411 domus
760 1367 949 1410 Aeneae
972 1367 1163 1409 cunctis
1187 1363 1523 1408 dominabitur
1546 1366 1658 1418 oris,

444 1445 509 1488 Et
532 1446 639 1487 nati
662 1454 904 1497 natorum,
935 1447 982 1486 et
1005 1443 1089 1497 qui
1109 1449 1376 1485 nascentur
1400 1439 1461 1483 ab
1484 1440 1619 1484 illis.'

507 1521 642 1565 Haec
665 1519 892 1564 Phoebus
911 1535 920 1576 3
958 1521 1209 1574 mixtoque
1228 1520 1403 1572 ingens
1425 1524 1598 1561 exorta
1630 1517 1850 1561 tumultu

446 1601 675 1653 Laetitia,
705 1610 751 1642 et
776 1598 957 1652 cuncti,
984 1610 1107 1652 quae
1129 1597 1231 1640 sint
1254 1610 1310 1639 ea
1332 1594 1538 1649 moenia,
1579 1600 1836 1649 quaerunt,
1953 1593 2042 1635 100

448 1676 554 1731 Quo
577 1675 805 1719 Phoebus
827 1678 970 1718 Vocet
991 1680 1211 1717 errantes
1235 1671 1494 1726 jubeatque
1513 1672 1709 1715 reverti.

448 1754 572 1796 Tum
594 1753 798 1807 genitor,
828 1761 1047 1795 veterum
1069 1749 1274 1792 volvens
1296 1753 1614 1792 monumenta
1635 1749 1869 1801 virorum,

457 1827 677 1883 ‘Audite,
709 1842 736 1871 o
758 1827 1013 1882 proceres?
1037 1827 1120 1880 ait,
1161 1828 1234 1868 ‘et
1260 1839 1368 1879 spes
1391 1823 1566 1868 discite
1585 1830 1791 1867 vestras.

451 1907 595 1952 Creta
618 1905 651 1950 J
656 1908 762 1950 ovis
784 1906 956 1958 magni
978 1903 1137 1948 medio
1159 1902 1287 1958 jacet
1310 1902 1477 1946 insula
1499 1906 1665 1956 ponto,

451 1985 593 2028 Mons
615 1983 792 2027 Idaeus
815 1981 912 2037 ubi,
943 1991 992 2025 et
1015 1982 1178 2036 gentis
1200 1979 1446 2024 cunabula
1478 1983 1689 2022 nostrae.
1954 1973 2045 2018 105

454 2061 662 2105 Centum
683 2058 826 2102 urbes
849 2057 1083 2100 habitant
1104 2070 1328 2110 magnas,
1358 2054 1605 2098 uberrima
1638 2068 1790 2107 regna
1813 2068 1822 2109 3

453 2138 701 2181 Maximus
722 2135 852 2178 unde
873 2140 1026 2190 pater,
1057 2134 1102 2178 si
1123 2135 1218 2177 rit-e
1240 2131 1411 2176 audita
1433 2130 1673 2185 recordor,

454 2214 666 2258 Teucrus
689 2211 937 2255 Rhoeteas
960 2211 1171 2265 primum
1193 2213 1268 2253 est
1292 2207 1528 2252 advectus
1560 2208 1613 2250 in
1635 2222 1760 2261 oras,

458 2292 756 2347 Optavitque
775 2289 939 2333 locum
960 2302 1123 2342 regnO.
1195 2285 1428 2330 Nondum
1448 2284 1598 2329 Ilium
1615 2290 1663 2329 et
1686 2298 1820 2328 arces

456 2369 751 2423 Pergameae
773 2372 1011 2411 steterant-
1033 2380 1043 2422 3
1080 2363 1378 2408 habitabant
1398 2361 1613 2407 vallibus
1635 2363 1761 2405 imis.
1959 2357 2049 2400 110

429 2469 432 2472 ⁴
456 2444 590 2488 Hinc
611 2450 768 2488 mater
786 2443 967 2486 cultrix
991 2441 1202 2495 Cybelae
1226 2439 1623 2494 Corybantiaque
1644 2451 1757 2482 aera

459 2517 753 2572 Idaeumque
773 2531 944 2560 nemus
967 2531 976 2571 3
1014 2515 1130 2558 hinc
1153 2513 1254 2557 fida
1277 2513 1475 2558 silentia
1499 2512 1668 2565 sacris,

460 2595 526 2638 Et
549 2593 704 2648 juncti
729 2607 924 2635 currum
948 2591 1173 2634 dominae
1197 2589 1384 2634 subiere
1405 2587 1578 2631 leones.

461 2670 593 2725 Ergo
617 2671 761 2725 agite,
789 2677 849 2723 et,
882 2667 1052 2711 divum
1077 2666 1261 2709 ducunt
1285 2679 1380 2719 qua
1403 2663 1554 2719 jussa,
1585 2675 1858 2723 sequamur.
