2228 3037
487 106 541 148 12
1004 122 1043 154 P.
1086 124 1296 156 VERfflm
1329 125 1550 159 MARoms

483 222 609 275 Quid
631 239 747 278 puer
770 227 1050 272 Ascanius?
1085 236 1343 284 superatne
1364 238 1410 275 et
1435 235 1648 277 Vescitur
1671 235 1827 279 aura?

481 298 631 351 Quem
654 300 745 343 tibi
768 301 869 355 jam
891 303 1036 358 Troja
1973 313 2065 356 340

478 375 644 429 Ecqua
668 382 832 421 tamen
855 394 1000 433 puero
1023 386 1096 425 est
1120 384 1332 427 amissae
1354 398 1472 428 cura
1494 386 1746 440 parentis?

478 449 663 503 Ecquid
687 453 738 494 in
762 455 1015 508 antiquam
1038 457 1272 500 virtutem
1296 460 1577 514 animosque
1599 461 1764 506 viriles

477 526 540 569 Et
564 532 700 580 pater
722 529 911 574 Aeneas
934 538 980 574 et
1005 533 1278 579 avunculus
1301 537 1484 579 excitat
1505 535 1726 583 Hector?
1747 540 1756 560 '

535 604 674 647 Talia
697 605 933 651 fundebat·
954 608 1221 656 lacrimans
1243 611 1510 668 longosque
1532 614 1688 658 ciebat

474 681 731 727 Incassum
752 683 908 741 fletus,
940 701 1050 730 cum
1075 702 1176 733 sese
1199 704 1228 732 a
1251 689 1503 742 moenibus
1526 688 1667 737 heros
1971 694 2063 738 345

473 758 744 805 Priamides
767 750 937 807 multis
955 763 1172 810 Helenus
1196 767 1546 813 comitantibus
1569 769 1723 825 affert,

472 837 804 893 Agnoscitque
827 854 952 895 suos,
983 840 1234 897 laetusque
1252 842 1315 887 ad
1336 843 1510 889 limina
1534 845 1680 892 ducit.

471 912 537 955 Et
559 914 769 957 multum
791 915 1021 962 laci-imas
1043 918 1191 963 verba
1214 922 1341 964 inter
1364 922 1560 976 singula
1584 922 1761 968 fundit.

471 990 700 1046 Procedo,
727 998 773 1036 et
796 1008 1002 1047 parvam
1023 995 1220 1050 Trojam
1245 998 1570 1054 simulataque
1592 1003 1789 1056 magnis

470 1066 709 1121 Pergama
733 1074 780 1112 et
803 1076 1019 1114 arentem
1041 1071 1235 1116 Xanthi
1257 1077 1543 1129 cognomine
1564 1079 1726 1121 rivum
1967 1079 2058 1122 350

468 1143 708 1199 Agnosco,
740 1145 1007 1201 Scaeaeque
1029 1148 1293 1203 amplector
1313 1149 1486 1194 limina
1508 1157 1687 1204 portae.

468 1219 565 1263 Nec
588 1235 687 1264 non
709 1227 756 1265 et
778 1223 949 1266 Teucri
972 1226 1104 1268 socia
1127 1226 1275 1270 simul
1296 1227 1414 1272 urbe
1435 1228 1681 1275 fruuntur.

466 1295 583 1340 Illos
606 1298 873 1351 porticibus
896 1315 980 1343 rex
1004 1301 1271 1356 accipiebat
1294 1305 1346 1346 in
1369 1304 1544 1359 amplis
1564 1319 1574 1362 ;

466 1373 614 1416 Aulai
638 1374 794 1418 medio
818 1375 1040 1420 libabant
1063 1379 1239 1432 pocula
1261 1379 1461 1438 Bacchi,

465 1448 716 1504 Impositis
740 1467 858 1495 auro
883 1452 1102 1511 dapibus,
1133 1462 1421 1511 paterasque
1442 1457 1686 1504 tenebant.
1965 1459 2057 1504 355

528 1525 738 1582 Jamque
761 1528 862 1573 dies
887 1530 1101 1585 alterque
1123 1531 1225 1577 dies
1248 1536 1496 1591 processit,
1525 1544 1574 1579 et
1600 1551 1747 1581 aurae

466 1602 585 1647 Vela
607 1610 787 1648 vocant
810 1606 1092 1662 tumidoque
1113 1607 1318 1652 inflatur
1341 1609 1575 1656 carbasus
1599 1617 1768 1656 austro
1787 1628 1796 1656 τ

464 1678 558 1725 His
581 1687 745 1725 vatem
769 1682 1025 1737 aggredior
1048 1683 1206 1739 dictis,
1238 1700 1294 1729 ac
1316 1686 1442 1730 talia
1465 1702 1642 1742 quaeso
1665 1703 1674 1732 ε

471 1756 786 1813 ‘Trojugena,
817 1761 1055 1815 interpres
1079 1760 1261 1818 divum,
1293 1764 1376 1818 qui
1392 1765 1597 1807 numina
1619 1763 1816 1820 Phoebi,

463 1832 557 1886 Qui
578 1834 812 1892 tripodas,
844 1836 996 1881 Clarii
1018 1837 1200 1893 laurus,
1232 1840 1314 1894 qui
1337 1838 1497 1884 sidera
1520 1842 1672 1885 sentis
1959 1843 2052 1886 360

461 1911 525 1954 Et
548 1912 803 1957 volucrum
825 1913 1021 1969 linguas
1043 1921 1090 1960 et
1113 1919 1354 1971 praepetis
1377 1919 1543 1962 omina
1575 1930 1776 1974 pennae,

461 1987 585 2033 Fare
608 2005 969 2044 age—namque
992 2007 1183 2037 omnem
1206 2008 1404 2038 cursum
1426 1994 1550 2037 mihi
1572 2009 1803 2049 prospera
1826 1994 1952 2046 dixjt

461 2063 666 2122 Religio,
697 2073 744 2111 et
768 2070 932 2112 cuncti
956 2075 1217 2114 suaserunt
1239 2072 1438 2114 numine
1460 2069 1565 2115 divi

460 2141 660 2185 Italiam
683 2151 840 2197 petere
861 2150 908 2188 et
932 2151 1087 2190 terras
1109 2152 1301 2192 tentare
1321 2153 1540 2202 repostas
1563 2163 1572 2206 ;

1900 2120 1972 2148 A.)

463 2217 574 2262 Sola
596 2233 780 2263 novum
803 2220 1027 2277 dictuque
1048 2223 1186 2267 nefas
1208 2222 1434 2279 Harpyia
1457 2224 1662 2271 Celaeno
1957 2218 2050 2276 365]

461 2294 746 2350 Prodigium
769 2300 915 2353 canit,
945 2304 993 2343 et
1015 2301 1183 2345 tristes
1207 2299 1465 2346 denuntiat
1487 2304 1603 2358 iras,
1996 2308 2023 2369 Ἰ

462 2370 823 2428 Obscenamque
846 2375 1210 2432 famem—quae
1229 2379 1389 2433 prima
1410 2379 1624 2434 pericula
1640 2381 1745 2424 vito
1760 2381 1781 2424 ⁶?
2032 2399 2075 2433 ἡ
2092 2386 2105 2394 '

462 2445 649 2500 Quidve
672 2463 873 2504 sequens
897 2456 1064 2497 tantos
1086 2455 1271 2507 possim
1294 2468 1520 2509 superare
1540 2454 1767 2500 labores?
1786 2457 1796 2477 ’

521 2523 616 2567 Hic
639 2524 855 2571 Helenus
879 2530 1032 2573 caesis
1055 2531 1268 2584 primum
1291 2529 1348 2575 de
1370 2545 1502 2576 more
1524 2530 1743 2585 juvencis

459 2595 646 2641 Exorat
669 2613 836 2653 pacem
859 2599 1040 2657 divum,
1071 2604 1318 2658 vittasque
1339 2603 1539 2648 resolvit
1951 2604 2044 2648 370
