2261 3117
672 187 927 225 AENEIDos
960 188 1058 224 Liss.
1102 186 1173 223 111.
1699 167 1726 217 7

119 299 371 346 Anchisen
393 300 522 345 facio
546 310 749 354 certum,
777 314 973 355 remque
997 297 1166 343 ordine
1187 296 1365 354 pando.

118 379 551 434 Agnovitprolem
574 378 862 434 ambiguam
886 380 1206 434 geminosque
1228 383 1473 433 parentes,
1640 371 1729 415 180

119 456 270 512 Seque
290 470 422 501 novo
442 466 666 500 veterum
690 455 948 512 deceptum
971 470 1134 500 errore
1155 454 1394 499 locorum.

92 587 98 591 ¹
117 533 244 577 Tum
263 544 506 579 memorat
529 548 538 578 :
583 537 595 556 ‘
613 532 754 588 Nate,
784 531 955 578 Iliacis
977 535 1186 577 exercite
1220 531 1356 587 fatis,

122 611 236 656 Sola
256 611 384 656 mihi
403 611 531 657 tales
554 626 701 656 casus
726 609 1014 656 Cassandra
1038 609 1264 655 canebat.

121 689 264 733 Nunc
284 696 451 745 repeto
473 689 596 734 haec
617 690 786 745 generi
809 688 1098 744 portendere
1122 687 1287 732 debita
1320 697 1505 732 nostro.

121 767 187 812 Et
209 782 352 823 saepe
374 767 681 825 Hesperiam,
712 781 857 823 saepe
878 766 1011 811 Itala
1034 781 1188 822 regna
1211 780 1400 810 vocare.
1648 761 1737 806 185

86 858 94 863 “
122 845 214 892 Sed
237 848 348 902 quis
371 845 436 891 ad
458 845 728 903 Hesperiae
748 852 988 892 venturos
1010 845 1160 890 litora
1184 845 1398 890 Teucros

121 922 348 971 Crederet
366 923 388 969 ἶ)
422 931 511 969 aut
534 938 678 981 quem
699 929 809 969 tum
831 931 974 969 vates
999 921 1287 969 Cassandra
1308 932 1525 966 moveret
1546 920 1565 963 ’ζ’

123 1000 367 1049 Cedamus
388 1001 602 1058 Phoebo,
633 1006 682 1046 et
704 1002 885 1046 moniti
907 1001 1115 1046 meliora
1138 998 1436 1057 sequamur)

123 1080 202 1126 Sic
225 1083 326 1138 ait;
364 1086 414 1125 et
437 1082 604 1125 cuncti
628 1079 761 1124 dicto
783 1095 1017 1136 paremus
1042 1084 1266 1124 ovantes.

121 1159 269 1206 Hanc
291 1174 482 1218 quoque
503 1159 774 1205 deserimus
798 1157 974 1214 sedem7
1007 1160 1274 1214 paucisque
1295 1156 1485 1201 relictis
1650 1153 1738 1196 190

123 1238 246 1286 Vela
268 1238 459 1294 damus,
489 1245 788 1294 vastumque
809 1251 936 1281 cava
958 1236 1098 1280 trabe
1122 1237 1368 1279 currimus
1393 1248 1584 1289 aequor.

187 1317 462 1373 Postquam
485 1315 646 1361 altum
666 1320 868 1360 tenuere
889 1322 1038 1370 rates,
1070 1329 1159 1359 nec
1183 1313 1288 1369 jam
1311 1312 1526 1367 amplius
1549 1311 1679 1355 ullae

126 1398 381 1451 Apparent
402 1405 575 1449 terrae,
606 1393 798 1438 caelum
822 1392 1050 1449 undique,
1079 1402 1128 1437 et
1151 1391 1367 1448 undique
1389 1399 1586 1446 pontus.

126 1473 252 1516 Tum
274 1471 401 1516 mjhi
421 1471 675 1517 caeruleus
699 1487 848 1526 supra
867 1478 1016 1526 caput
1040 1471 1206 1515 astitit
1230 1468 1397 1524 imber,

129 1551 333 1596 Noctem
353 1550 659 1606 hiememque
674 1550 854 1605 ferens,
876 1557 924 1594 et
942 1548 1193 1593 inhorruit·
1206 1547 1342 1593 unda
1359 1545 1587 1592 tenebris.
1654 1548 1673 1587 1
1685 1544 1743 1587 95

130 1628 377 1674 Continuo
398 1630 541 1672 venti
560 1627 771 1672 volvunt
795 1641 947 1681 mare,
976 1640 1254 1682 magnaque
1277 1634 1487 1679 surgunt

129 1708 354 1762 Aequora
376 1721 386 1763 ;
424 1705 634 1761 dispersi
655 1703 905 1760 jactamur
928 1706 1126 1759 gurgite
1149 1715 1295 1748 vasto
1318 1718 1326 1759 ;

130 1784 388 1829 Involvere
409 1783 539 1829 diem
561 1782 736 1839 nimbi,
762 1789 812 1828 et
833 1797 936 1827 nox
957 1781 1128 1826 umida
1148 1782 1336 1826 caelum

130 1862 353 1907 Abstulit
376 1877 385 1920 ;
423 1864 738 1918 ingeminant
761 1860 988 1916 abruptis
1012 1858 1226 1905 nubibus
1250 1861 1403 1914 ignes.

130 1939 427 1984 Excutimur
449 1955 598 1985 cursu
621 1946 671 1984 et
693 1942 852 1997 caecis
875 1954 1100 1984 erramus
1124 1940 1178 1982 in
1199 1936 1363 1982 undis.
1651 1935 1742 1980 200

95 2045 99 2050 -
130 2015 243 2073 Ipse
263 2015 393 2062 diem
413 2024 703 2072 noctemque
723 2024 874 2072 negat
899 2015 1174 2061 discernere
1196 2013 1344 2070 caelo,

131 2093 232 2139 Nec
253 2097 538 2140 meminisse
554 2096 667 2139 viae
687 2093 851 2139 media
874 2093 1144 2139 Palinurus
1166 2093 1221 2137 in
1242 2090 1391 2136 unda.

133 2171 253 2215 'Hes
275 2172 395 2216 adeo
417 2174 632 2218 incertos
654 2186 801 2217 caeca
824 2171 1038 2227 caligine
1062 2170 1189 2216 soles

142 2249 377 2294 Erramus
398 2250 586 2306 pelago,
616 2249 825 2295 totidem
847 2252 953 2296 sine
977 2249 1133 2295 sidere
1156 2259 1339 2296 noctes.

138 2325 328 2382 Quarto
351 2334 483 2372 terra
506 2325 585 2371 die
605 2329 822 2382 primum
846 2341 897 2372 se
920 2326 1145 2372 attollere
1167 2326 1370 2372 tandem

137 2404 270 2463 Visa,
301 2407 491 2462 aperire
511 2403 685 2461 procul
706 2413 913 2461 montes⁷
946 2419 1003 2449 ac
1025 2404 1225 2451 volvere
1247 2405 1456 2450 fumum.

138 2483 258 2530 Vela
279 2482 480 2540 cadunt,
509 2484 659 2528 remis
681 2484 990 2538 insurgimus
1010 2498 1020 2541 ;
1057 2481 1194 2528 haud
1216 2498 1368 2537 mora‚
1401 2495 1582 2525 nautae

137 2560 326 2607 Adnixi
345 2567 578 2618 torquent
602 2575 806 2616 spumas
827 2568 875 2606 et
900 2561 1098 2606 caerula
1121 2573 1342 2607 verrunt.

201 2640 464 2686 Servatum
485 2655 545 2685 ex
566 2639 716 2686 undis
740 2639 1077 2695 Strophadum
1101 2655 1177 2684 me
1200 2639 1349 2683 litora
1374 2640 1590 2694 primum

138 2717 435 2777 Excipiunt-;
474 2717 778 2775 Strophades
803 2718 954 2763 Graio
979 2729 1114 2763 stant
1140 2720 1338 2762 nomine
1360 2715 1531 2759 dictae.
1659 2715 1748 2758 2210

1658 2325 1684 2369 ΙΘ

1689 2324 1717 2367 0

1724 2322 1750 2366 Οἳ
