2228 3037
433 152 463 203 2
947 174 976 199 r
1033 167 1240 199 visamus
1273 165 1498 201 mssssoms

495 275 644 319 Sacra
667 272 912 318 Dionaeae
935 274 1084 316 matri
1107 272 1328 326 divisque
1362 270 1573 315 ferebam

435 350 731 405 Auspicibus
749 356 1029 405 coeptorum
1053 363 1266 404 operum,
1295 362 1559 402 superoque
1581 350 1815 391 nitentem
1963 345 2024 390 20

434 427 733 473 Caelicolum
754 429 857 482 regi
880 425 1161 470 mactabam
1183 427 1234 468 in
1257 425 1399 470 litore
1431 429 1642 469 taurum.

435 507 582 551 Forte
604 506 702 550 fuit
725 505 868 560 juxta
892 504 1126 560 tumulus,
1158 518 1252 559 quo
1275 517 1451 547 cornea
1474 517 1666 548 summo

437 583 667 638 Virgulta
688 588 736 627 et
760 581 926 626 densis
949 580 1217 626 hastilibus
1241 579 1444 624 horrida
1466 585 1674 634 myrtus.

436 662 647 716 Accessi,
678 657 978 713 viridemque
1001 656 1062 702 ab
1086 656 1237 701 humo
1260 655 1530 701 convellere
1552 656 1731 701 silvam

437 737 669 790 Conatus‚
700 737 853 779 ramis
878 744 1089 789 tegerem
1111 740 1167 777 ut
1190 731 1536 776 frondentibus
1560 746 1686 787 aras,
1967 728 2028 776 25

438 811 751 856 Horrendum
773 817 819 855 et
844 811 979 854 dictu
1001 809 1144 854 video
1166 808 1390 854 mirabile
1421 813 1709 853 monstrum.

439 891 578 945 Nam,
609 904 731 945 quae
752 891 910 944 prima
935 887 1037 932 solo
1059 889 1219 942 ruptis
1242 885 1491 931 radicibus
1513 884 1657 931 arbos

439 967 662 1021 Vellitur,
694 966 809 1009 huic
833 972 941 1009 atro
964 965 1221 1020 liquuntur
1245 965 1485 1019 sanguine
1507 968 1693 1017 guttae,

442 1044 507 1087 Et
532 1049 713 1087 terram
738 1042 854 1085 tabo
877 1041 1144 1085 maculant.
1217 1031 1345 1084 Mihi
1366 1038 1577 1094 frigidus
1610 1038 1783 1082 horror

439 1120 657 1164 Membra
681 1121 854 1175 quatit,
885 1117 1168 1173 gelidusque
1191 1119 1289 1162 coit
1312 1116 1574 1161 formidine
1597 1116 1814 1170 sanguis.
1972 1113 2031 1156 30

441 1197 635 1241 Rursus
657 1202 704 1241 et
730 1196 932 1240 alterius
954 1195 1142 1239 lentum
1165 1194 1433 1239 convellere
1464 1196 1627 1237 vimen

443 1273 688 1328 Insequor‚
719 1278 767 1316 et
789 1286 965 1315 causas
989 1272 1184 1326 penitus
1206 1275 1398 1314 tentare
1418 1269 1628 1313 latentes
1647 1285 1655 1312 :

446 1353 564 1394 Ater
584 1356 633 1393 et
655 1349 859 1393 alterius
883 1349 1101 1402 sequitur
1124 1347 1182 1391 de
1204 1349 1383 1391 cortice
1405 1348 1623 1400 sanguis.

447 1426 605 1469 Multa
628 1440 827 1468 movens
851 1426 1015 1468 animo
1039 1423 1297 1478 Nymphas
1320 1420 1589 1467 venerabar
1612 1427 1843 1475 agrestes,

449 1502 811 1555 Gradivumque
832 1507 1034 1555 patrem,
1067 1499 1251 1543 Geticis
1275 1500 1357 1553 qui
1378 1496 1620 1553 praesidet
1644 1499 1790 1551 arvis⁷
1978 1494 2038 1538 35

449 1580 563 1623 Rite
586 1577 909 1623 secundarent
933 1579 1072 1621 visus
1096 1591 1328 1630 omenque
1348 1576 1581 1619 levarent.

448 1657 609 1700 Tertia
630 1654 712 1699 sed
736 1661 995 1709 postquam
1018 1652 1203 1707 majore
1228 1653 1430 1696 hastilia
1454 1653 1566 1695 nisu

451 1731 735 1787 Aggredior.¹
766 1729 1061 1784 genibusque
1085 1728 1318 1772 adversae
1341 1727 1559 1771 obluctor
1582 1727 1872 1782 harenae,—

452 1810 677 1864 Eloquar,
711 1824 774 1851 an
797 1807 966 1852 sileain
982 1806 1279 1860 P-—gemitus
1302 1803 1621 1848 lacrimabilis
1643 1805 1740 1846 imo

452 1885 665 1929 Auditur
688 1884 890 1939 tumulo‚
922 1890 969 1927 et
993 1897 1091 1926 vox
1114 1881 1305 1925 reddita
1329 1880 1485 1924 fertur
1509 1879 1572 1924 ad
1596 1894 1736 1923 aures
1757 1895 1764 1922 :
1980 1877 2041 1919 40

462 1961 616 2016 *Quid
640 1964 884 2015 miserum,
917 1961 1094 2015 Aenea,
1124 1956 1352 2002 laceras?
1385 1956 1487 2012 jam
1511 1971 1653 2012 parce
1677 1955 1863 2009 sepulto
1884 1970 1892 2011 3

454 2040 606 2082 Parce
628 2041 734 2093 pias
759 2037 992 2081 scelerare
1010 2050 1199 2079 manus.
1273 2034 1383 2077 Non
1405 2048 1482 2078 me
1503 2033 1595 2076 tibi
1615 2032 1762 2086 Troja

455 2117 727 2159 Externum
751 2114 878 2168 tulit,
910 2118 996 2156 aut
1019 2126 1161 2155 cruor
1183 2111 1265 2155 hic
1284 2111 1341 2155 de
1364 2113 1531 2165 stipite
1553 2116 1736 2153 manat.

455 2194 576 2244 Heu,
609 2195 721 2247 fuge
745 2191 961 2236 crudeles
984 2197 1154 2246 terras,
1186 2191 1301 2244 fuge
1322 2190 1442 2233 litus
1466 2203 1684 2232 avarum.

457 2270 584 2313 Nam
606 2268 881 2321 Polydorus
904 2282 1007 2323 ego.
1079 2266 1176 2311 Hic
1199 2266 1447 2310 confixum
1469 2266 1626 2310 ferrea
1650 2267 1775 2309 texit
1984 2261 2047 2304 45

456 2348 681 2392 Telorum
705 2361 851 2401 seges7
882 2352 929 2390 et
952 2345 1128 2400 jaculis
1152 2347 1359 2389 increvit
1382 2344 1575 2388 acutis.’

456 2424 580 2468 Tum
603 2439 717 2468 vero
741 2425 945 2478 ancipiti
965 2430 1176 2467 mentem
1201 2421 1461 2466 formidine
1480 2435 1675 2476 pressus

460 2501 698 2556 Obstipui,
731 2506 1064 2554 steteruntque
1086 2514 1262 2553 comae7
1294 2507 1339 2542 et
1363 2512 1461 2541 vox
1484 2495 1708 2540 faucibus
1730 2494 1903 2539 haesit.

522 2577 668 2622 Hunc
691 2576 992 2630 Polydorum
1015 2578 1122 2620 auri
1145 2575 1389 2631 quondam
1413 2589 1523 2618 cum
1547 2571 1753 2628 pondere
1776 2585 1956 2625 magno

460 2653 642 2700 Infelix
664 2652 893 2697 Priamus
917 2651 1090 2695 furtim
1114 2650 1377 2694 mandarat
1401 2647 1629 2693 alendum
1990 2645 2049 2688 50
