2228 3037
469 112 523 154 16
983 137 1024 168 P.
1065 139 1274 174 VERGILI
1307 146 1528 182 MARONIS

463 228 688 277 Loricam
711 248 986 285 consertam
1010 243 1170 290 hamis
1194 263 1403 306 auroque
1425 255 1644 315 trilicem,

462 305 525 348 Et
548 320 725 354 conum
746 313 954 368 insignis
977 319 1144 371 galeae
1166 326 1434 382 cristasque
1455 341 1714 392 comantes,

460 381 614 428 Arma
635 385 947 441 Neoptolemi.
1019 396 1145 441 Sunt
1164 406 1212 443 et
1236 415 1326 446 sua
1349 403 1479 450 dona
1499 415 1702 463 parenti.

459 457 613 502 Addit
633 475 790 520 equos,
822 466 1050 525 additque
1073 472 1216 520 duces
1237 491 1248 533 ;
1946 495 2037 538 470

456 531 735 590 Remigium
757 543 945 597 supplet
967 560 977 602 ;
1014 551 1170 595 socios
1194 555 1341 599 simul
1363 558 1566 605 instruit
1589 567 1750 609 armis.

517 609 710 658 Interea
731 615 936 664 classem
957 623 1078 669 velis
1102 635 1269 681 aptare
1291 630 1490 686 jubebat

454 686 705 747 Anchises,
735 692 870 740 fieret
891 705 1039 744 vento
1061 717 1198 749 mora
1220 722 1281 752 ne
1303 724 1398 764 qua
1420 712 1605 761 ferenti.

454 760 607 814 Quem
627 764 813 814 Phoebi
834 772 1070 830 interpres
1093 781 1248 825 multo
1271 788 1527 840 compellat-
1551 791 1731 839 honore
1752 811 1760 838 :

460 837 736 899 ‘Conjugio,
766 845 1000 908 Anchisa,
1032 853 1232 902 Veneris
1255 858 1455 914 dignate
1477 869 1692 924 superbo,
1940 876 1998 918 47

452 911 580 957 Cura
603 914 760 973 deum,
787 919 862 966 bis
884 917 1162 980 Pergameis
1183 944 1341 988 erepte
1357 939 1528 995 ruinis,

449 989 572 1034 Ecce
593 992 683 1036 tibi
705 995 952 1044 Ausoniae
972 1003 1116 1049 tellus
1139 1022 1147 1049 :
1186 1007 1315 1053 hanc
1338 1016 1497 1068 arripe
1518 1018 1651 1064 Velis.

448 1064 513 1107 Et
535 1072 699 1113 tamen
720 1070 849 1116 hanc
871 1076 1042 1133 pelago
1064 1085 1418 1136 praeterlabare
1439 1106 1628 1139 necesse
1649 1107 1722 1140 est
1745 1114 1754 1154 3

446 1141 691 1189 Ausoniae
710 1162 825 1202 pars
847 1151 933 1197 illa
953 1157 1132 1213 procul,
1163 1176 1308 1214 quam
1330 1165 1502 1218 pandit
1524 1170 1710 1224 Apollo.

446 1216 612 1275 Vade,’
635 1224 722 1278 ait,
756 1228 768 1247 ‘
784 1239 811 1269 o
833 1227 951 1273 felix
973 1235 1081 1276 nati
1101 1237 1294 1289 pietate.
1368 1240 1495 1294 Quid
1517 1245 1649 1290 ultra
1936 1255 2026 1298 480

443 1292 692 1341 Provehor
712 1304 761 1343 et
783 1301 934 1348 fando
956 1316 1210 1362 surgentes
1234 1312 1454 1359 demoror
1477 1329 1671 1367 austros
1689 1324 1730 1366 52’

442 1369 541 1413 Nec
565 1375 728 1420 minus
750 1376 1106 1440 Andromache,
1137 1386 1360 1441 digressu
1383 1402 1572 1439 maesta
1596 1412 1831 1454 supremo,

439 1444 554 1490 Fert
575 1451 849 1502 picturatas
874 1459 982 1500 auri
1005 1460 1279 1509 subtemine
1300 1474 1462 1513 Vestes

438 1519 505 1564 Et
525 1521 799 1580 Phrygiam
820 1530 1035 1578 Ascanio
1057 1537 1382 1599 chlamydem,
1412 1560 1497 1590 nec
1522 1550 1647 1594 cedit
1671 1553 1857 1609 honori,

436 1596 798 1657 Textilibusque
819 1615 989 1652 onerat
1013 1610 1166 1669 donis,
1199 1630 1256 1659 ac
1279 1618 1402 1663 talia
1426 1621 1589 1668 fatur:
1927 1634 2018 1677 485

445 1674 647 1730 ‘Accipe
667 1687 715 1722 et
739 1679 871 1738 haec,
901 1698 1139 1732 manuum
1161 1691 1251 1734 tibi
1275 1709 1396 1748 quae
1418 1712 1731 1747 monumenta
1755 1721 1971 1753 mearum

435 1749 554 1805 Sint,
583 1767 712 1810 puer,
743 1762 791 1800 et
812 1756 1015 1814 longum
1038 1765 1414 1816 Andromachae
1436 1780 1677 1821 testentur
1701 1796 1924 1839 amorem,

433 1825 668 1883 Conjugis
689 1830 968 1883 Hectoreae.
1041 1840 1170 1897 Cape
1192 1844 1321 1890 dona
1342 1854 1558 1895 extrema
1576 1859 1783 1910 tuorum,

431 1901 470 1947 Ο
493 1905 616 1949 mihi
638 1909 744 1954 sola
766 1917 861 1958 mei
884 1931 1027 1970 super
1049 1920 1376 1974 Astyanactis
1398 1928 1573 1983 imagO.

428 1978 506 2024 Sic
527 1983 704 2040 oculos,
736 1991 806 2032 sic
829 1991 911 2036 ille
931 2008 1121 2051 manus,
1152 2000 1223 2042 sic
1246 2013 1333 2044 ora
1355 2001 1539 2048 ferebat
1558 2021 1569 2062 ;
1917 2016 2009 2059 490

424 2055 491 2100 Et
511 2072 642 2103 nunc
665 2066 855 2119 aequali
877 2073 1036 2114 tecum
1057 2072 1336 2126 pubesceret
1360 2083 1516 2125 aevo.’

421 2129 528 2178 Hos
548 2149 638 2189 ego
660 2137 936 2194 digrediens
957 2146 1174 2194 lacrimis
1201 2152 1389 2197 affabar
1411 2156 1597 2204 obortis
1619 2175 1628 2203 ε

429 2208 618 2256 ‘Vivite
639 2214 816 2273 felices,
844 2221 1018 2275 quibus
1039 2232 1113 2269 est
1136 2226 1337 2274 fortuna
1353 2240 1550 2286 peracta

420 2284 537 2332 Jam
559 2304 649 2334 sua
671 2306 681 2347 ;
718 2307 808 2339 nos
831 2297 931 2342 alia
952 2313 1011 2343 ex
1035 2301 1148 2347 aliis
1174 2306 1224 2348 in
1248 2305 1355 2351 fata
1377 2323 1623 2357 vocamur.

418 2361 566 2408 Vobis
587 2373 732 2419 parta
755 2373 887 2424 quies
906 2387 916 2429 3
953 2376 1142 2421 nullum
1165 2384 1317 2427 maris
1340 2398 1516 2439 aequor
1538 2390 1791 2448 arandum,
1907 2395 1998 2440 495

414 2438 551 2482 Arva
572 2454 724 2496 neque
744 2445 993 2494 Ausoniae
1016 2467 1202 2508 semper
1225 2457 1445 2504 cedentia
1466 2471 1595 2506 retro

414 2511 710 2566 Quaerenda.
781 2520 1004 2577 Effigiem
1028 2527 1219 2573 Xanthi
1241 2532 1529 2590 T1·0jamqiie
1551 2539 1740 2596 videtis,

413 2587 571 2643 Quam
594 2604 785 2640 vestrae
807 2599 957 2644 fecere
982 2618 1170 2661 manus,
1203 2608 1495 2667 melioribus,
1527 2620 1652 2671 opto,

2006 876 2032 917 Q!
