2261 3117
688 138 948 172 AENEiDos
984 139 1080 171 LIB.
1125 139 1198 171 111.
1695 128 1749 169 11

134 249 289 294 Arma
312 263 483 294 amens
505 247 648 304 vidit,
678 250 877 303 magnis
899 249 1136 292 exterrita
1159 249 1411 303 monstris,

21 320 30 325 ’
98 388 100 390 ¹
135 328 361 382 Deriguit
383 328 497 372 visu
520 327 572 370 in
594 325 769 382 medio,
801 325 936 370 calor
961 339 1075 370 ossa
1097 324 1299 381 reliquit
1318 340 1328 382 ς

133 404 357 459 Labitur,
387 409 436 449 et
458 403 608 459 longo
630 405 718 448 vix
740 402 943 448 tandem
966 410 1185 458 tempore
1208 403 1344 447 fatur
1364 417 1373 446 :

143 481 363 527 ‘Verane
383 489 434 526 te
454 481 620 537 facies,
651 496 800 527 verus
823 481 949 526 mihi
971 483 1182 527 nuntius
1207 481 1365 526 affers.
1663 479 1753 522 :310

135 559 265 605 Nate
286 558 413 604 dea?
446 559 679 605 vivisne?
716 568 816 614 aut,
849 560 892 604 si
915 558 1004 603 lux
1027 559 1160 603 alma
1183 560 1399 613 recessit,

134 637 320 683 Hector
341 637 427 682 ubi
447 645 523 683 est
541 637 561 682 ⁸?
579 638 588 659 ’
624 638 778 694 Dixit,
809 638 1139 693 lacrimasque
1161 636 1333 682 effudit
1356 649 1402 681 et
1428 651 1622 680 omnem

135 716 367 772 Implevit
391 716 607 761 clamore
628 715 807 760 locum.
882 714 980 759 Vix
1001 730 1160 771 pauca
1185 715 1374 759 furenti

136 793 365 850 Subjicio,
388 805 437 839 et
459 796 590 840 raris
613 793 847 839 turbatus
871 792 1079 838 vocibus
1102 793 1242 838 hisco
1263 808 1272 836 :

143 877 154 899 ⁴
169 873 298 918 Vivo
319 873 556 930 equidem,
586 875 841 930 vitamque
863 879 1085 918 extrema
1110 887 1193 927 per
1218 874 1384 916 omnia
1412 870 1536 914 duco
1558 886 1565 915 :
1664 869 1757 913 315

136 952 209 998 Ne
230 950 419 1007 dubita,
450 967 569 996 nam
592 950 891 1019 vejavides.

135 1027 259 1085 Heu,
289 1031 402 1086 quis
423 1037 472 1074 te
495 1017 642 1074 casus
666 1027 910 1084 deject-am
933 1026 1144 1083 conjuge
1166 1038 1311 1071 tanto

138 1107 374 1164 Excipit?
410 1113 498 1152 aut
520 1122 645 1164 quae
668 1107 824 1163 digna
847 1109 974 1153 satis
998 1107 1203 1151 fortuna
1227 1108 1399 1150 revisit
1418 1105 1437 1149 P

137 1185 369 1232 Hectoris
392 1185 756 1243 Andromache,
787 1185 1025 1240 Pyrrhin'
1047 1184 1256 1229 conubia
1283 1184 1508 1229 servas?

138 1263 326 1319 Dejecit
348 1263 548 1307 vult-um
569 1270 618 1308 et-
642 1262 858 1308 demissa
876 1277 996 1307 voce
1017 1261 1186 1306 locuta
1210 1272 1283 1306 est
1306 1277 1314 1304 ε
1667 1260 1758 1304 3320

148 1341 215 1387 ‘O
237 1342 359 1387 felix
380 1357 482 1386 una
506 1351 621 1386 ante
644 1341 772 1386 alias
796 1340 1046 1385 Priameia
1069 1342 1225 1395 virgo.

139 1419 390 1465 Hostilem
413 1418 476 1463 ad
499 1420 748 1463 tumulum
769 1419 946 1474 Trojae
970 1419 1061 1464 sub
1086 1419 1340 1463 moenibus
1366 1419 1482 1462 altis

142 1497 175 1542 ‚J
177 1514 297 1544 ussa
318 1500 460 1553 mori,
489 1513 611 1554 quae
635 1500 842 1544 sortitus
866 1512 965 1542 non
989 1498 1191 1553 pertulit
1217 1498 1359 1540 ullos.

142 1576 241 1620 Nec
264 1577 470 1621 victoris
492 1577 563 1620 eri
586 1577 751 1631 tetigit
777 1578 977 1631 captiva
1003 1575 1160 1618 cubile
1182 1575 1188 1618 !

141 1653 257 1708 Nos,
289 1656 452 1709 patria
474 1655 676 1699 incensa
699 1652 896 1699 diversa
921 1669 1004 1710 per
1028 1668 1237 1709 aequora
1264 1658 1446 1697 vectae.
1669 1651 1761 1695 &is->5

143 1732 321 1787 Stirpis
344 1731 599 1777 Achilleae
622 1732 787 1777 fastus
811 1731 1135 1788 juvenemque
1158 1730 1435 1787 superbum.

143 1810 353 1855 Servitio
374 1812 563 1864 enixae,
594 1810 802 1855 tulimus
823 1825 832 1854 τ
871 1812 954 1866 qui
979 1809 1153 1855 deinde
1178 1822 1375 1855 secutus

142 1887 388 1933 Ledaeam
410 1887 714 1933 Hermionen
737 1888 1248 1944 Lacedaemoniosque
1270 1887 1584 1942 hymenaeos.

144 1965 222 2012 Me
245 1967 432 2011 famulo
456 1966 793 2023 famulamque
815 1966 1004 2011 Heleno
1028 1968 1309 2011 transmisit
1334 1964 1627 2009 habendam.

145 2046 240 2090 Ast
262 2044 416 2101 illum,
446 2053 640 2101 ereptae
661 2060 846 2101 magno
879 2043 1223 2089 infiammatus
1250 2059 1413 2088 amore
1670 2042 1762 2084 3:30

147 2122 386 2178 Conjugis
408 2129 457 2168 et
480 2123 719 2185 scelerum
741 2123 907 2169 Furiis
933 2126 1172 2179 agitatus.
1207 2122 1403 2179 Orestes

147 2199 346 2255 Excipit
368 2201 626 2245 incautum
649 2203 934 2258 patriasque
958 2201 1221 2245 obtruncat
1249 2200 1310 2244 ad
1336 2216 1464 2244 aras.

147 2276 306 2321 Morte
327 2272 634 2333 Neoptolemi
655 2293 922 2334 regnorum
943 2278 1139 2339 reddita
1173 2280 1322 2324 cessit-

149 2337 500 2410 Pars“Helen0,
531 2357 616 2411 qui
638 2355 888 2401 Chaonios
913 2351 1207 2411 cognomine
1229 2370 1429 2412 campos

117 2426 522 2504 sGhaoniamque
545 2450 740 2480 omnem
761 2435 978 2490 Trojano
1004 2451 1032 2479 a
1058 2435 1260 2481 Chaone
1283 2435 1431 2479 dixit?
1675 2432 1766 2475 :335

108 2507 115 2518 '¹
147 2512 486 2570 Pergamaque
508 2512 816 2569 Iliacamque·
843 2512 976 2568 jugis
999 2513 1131 2557 hanc
1156 2513 1346 2558 addidit
1373 2527 1546 2556 arcem.

149 2589 242 2636 Sed
264 2590 356 2635 tibi
377 2593 461 2647 qui
484 2592 878 2645 cursu-mazam?
889 2605 1013 2645 quae
1035 2590 1142 2634 fata
1167 2589 1371 2634 dedere?

148 2669 252 2713 Aut-
275 2669 506 2725 quisnam
531 2670 762 2724 ignarum
786 2670 972 2713 nostris
998 2667 1114 2712 deus
1140 2667 1327 2723 appulit
1355 2666 1489 2711 oris?
