2228 3037
497 93 555 138 90
1028 111 1069 144 P.
1102 112 1311 144 VERGILI
1345 112 1569 147 MARoxis

496 214 558 257 Et
584 215 829 269 quondam
854 219 1028 271 patriis
1052 217 1113 261 ad
1137 219 1335 273 Trojam
1358 223 1540 266 missus
1562 224 1614 266 in
1638 226 1801 269 armis.

494 291 638 346 Isque
658 291 743 334 ubi
764 292 1042 338 Dardanios
1065 295 1266 341 habitus
1288 304 1335 340 et
1357 298 1503 342 Troia
1526 299 1654 343 vidit

493 369 647 411 Arma
670 369 853 425 procul,
881 371 1083 425 paulum
1108 381 1310 427 aspectu
1332 377 1629 420 conterritus
1650 376 1822 433 haesit,

495 445 845 500 Continuitque
867 448 1076 501 gradum
1095 464 1104 506 3
1142 465 1258 494 mox
1281 466 1386 495 sese
1410 451 1472 495 ad
1493 452 1642 498 litora
1663 470 1890 510 praeceps

494 522 616 566 Cum
639 521 757 566 fietu
779 524 1097 580 precibusque
1119 527 1235 571 tulit
1260 543 1268 571 :
1316 534 1325 553 ‘
1345 529 1438 572 Per
1461 529 1622 574 sidera
1645 537 1811 588 testor,

493 599 585 642 Per
609 615 809 655 superos
833 611 978 656 atque
1001 602 1095 646 hoc
1118 605 1241 648 caeli
1263 605 1495 660 spirabile
1514 606 1691 665 lumen,

490 676 666 721 Tollite
687 692 779 732 me,
806 678 980 722 Teucri
1000 694 1009 737 3
1047 696 1379 737 quascumque
1402 683 1629 729 abducite
1648 692 1806 730 terras
1826 702 1834 743 3

491 752 599 796 Hoc
622 760 701 798 sat
723 757 829 799 erit.
903 756 1013 800 Scio
1035 772 1113 801 me
1135 757 1328 803 Danais
1350 775 1375 803 e
1399 761 1641 806 classibus
1664 777 1830 818 unum,

492 832 555 874 Et
579 830 704 874 bello
726 832 906 877 Iliacos
930 834 1088 878 fateor
1110 838 1307 890 petiisse
1329 836 1552 884 Penates.

493 909 589 951 Pro
613 924 718 964 quo7
751 912 792 954 si
817 911 1012 955 sceleris
1035 918 1179 955 tanta
1202 920 1275 957 est
1299 914 1483 968 injuria
1506 919 1678 972 nostri,

493 986 717 1040 Spargite
738 1003 814 1031 me
836 990 888 1031 in
909 987 1105 1046 fluctus,
1137 997 1375 1046 vastoque
1397 995 1674 1048 immergite
1698 1007 1861 1049 ponto,

493 1063 543 1107 Si
565 1079 715 1120 pereo,
747 1064 1005 1109 hominum
1027 1067 1257 1112 manibus
1280 1072 1480 1123 periisse
1503 1070 1731 1125 juvabit!

492 1141 706 1197 Dixerat,
737 1148 784 1186 et
807 1157 967 1197 genua
991 1144 1246 1198 amplexus
1270 1146 1570 1202 genibusque
1594 1149 1828 1192 volutans

489 1217 750 1263 Haerebat.
825 1218 921 1273 Qui
943 1222 1025 1276 sit,
1054 1221 1163 1277 fari,
1195 1237 1289 1276 quo
1314 1227 1556 1278 sanguine
1579 1235 1757 1280 cretus)

490 1295 762 1340 Hortamur
785 1312 794 1354 3
832 1312 955 1352 quae
979 1297 1151 1342 deinde
1174 1301 1330 1353 agitet
1354 1300 1570 1356 fortuna,
1603 1302 1763 1346 fateri.

489 1373 598 1427 Ipse
620 1381 756 1427 pater
780 1373 1006 1418 dextram
1029 1375 1285 1431 Anchises,
1316 1376 1452 1421 haud
1475 1378 1634 1422 multa
1657 1390 1893 1435 moratus7

490 1449 587 1493 Dat
610 1449 793 1505 juveni,
821 1457 965 1506 atque
988 1455 1211 1497 animum
1235 1457 1480 1508 praesenti
1504 1457 1705 1510 pignore
1727 1456 1905 1500 firmat.

491 1526 580 1570 Ille
601 1526 733 1583 haec,
765 1527 986 1583 deposita
1009 1530 1212 1574 tandem
1235 1531 1510 1587 formidine,
1543 1533 1679 1576 fatur
1702 1548 1710 1576 :

562 1604 705 1648 ‘Sum
729 1607 891 1659 patria
913 1620 973 1649 ex
995 1605 1184 1663 Ithaca7
1217 1622 1378 1652 comes
1401 1609 1612 1653 infelicis
1635 1609 1790 1665 Ulixi,

492 1681 700 1724 Nomine
722 1681 1122 1737 Achaemenides,
1153 1683 1354 1738 Trojam
1378 1687 1597 1738 genitore
1617 1686 1892 1730 Adamasto

491 1758 1132 1815 Paupere—mansissetque
1153 1763 1347 1804 utinam
1370 1762 1569 1805 fortuna
1591 1762 1927 1817 !—pr0fe(·tus.

491 1833 587 1878 Hic
608 1850 697 1891 me,
728 1834 846 1878 dum
868 1835 1046 1890 trepidi
1069 1836 1284 1880 crudelia
1307 1837 1482 1881 limina
1505 1838 1749 1895 linquunt.

491 1913 805 1958 Immemores
830 1915 949 1958 socii
971 1920 1116 1958 vasto
1140 1914 1369 1970 Cyclopis
1393 1918 1443 1958 in
1469 1927 1613 1960 antro

492 1990 763 2035 Deseruere.
836 1990 1021 2035 Domus
1047 1993 1183 2035 sanie
1207 1991 1509 2047 dapibusque
1532 1997 1761 2039 cruentis.

492 2067 636 2112 Intus
659 2083 827 2122 opaca,
855 2070 1042 2122 ingens.
1116 2068 1226 2123 Ipse
1250 2069 1450 2123 arduus,
1479 2071 1675 2127 altaque
1697 2073 1861 2127 pulsat

495 2144 672 2199 Sidera‚
687 2173 732 2177 -
748 2144 809 2199 di.
840 2146 989 2189 talem
1013 2148 1157 2189 terris
1182 2149 1389 2190 avertite
1412 2154 1593 2202 pestem
1618 2148 1692 2192 l—

494 2223 591 2266 Nec
614 2225 725 2267 visu
752 2224 911 2268 facilis
934 2239 1022 2268 nec
1046 2223 1183 2267 dictu
1207 2224 1421 2270 affabilis
1443 2226 1546 2270 ulli.

494 2298 774 2344 Visceribus
797 2302 1088 2345 miserorum
1110 2309 1158 2345 et
1183 2304 1425 2356 sanguine
1445 2304 1663 2348 vescitur
1685 2309 1806 2347 atro.

496 2375 610 2419 Vidi
630 2385 833 2433 egomet7
865 2377 961 2420 duo
986 2377 1043 2421 de
1065 2393 1268 2422 numero
1292 2393 1404 2423 cum
1427 2395 1629 2435 corpora
1651 2389 1820 2425 nostro

495 2453 681 2498 Prensa-
703 2469 855 2497 manu
877 2470 1059 2508 magna
1084 2455 1243 2499 medio
1266 2459 1523 2511 resupinus
1545 2458 1597 2499 in
1620 2466 1763 2500 antro

494 2529 763 2585 Frangeret
788 2530 850 2573 ad
874 2546 1065 2585 saxum,
1095 2535 1324 2587 sanieque
1346 2548 1574 2587 exspersa
1598 2540 1828 2576 natarent

495 2607 691 2651 Limina
714 2623 723 2662 3
761 2607 863 2652 vidi
888 2617 996 2652 atro
1020 2623 1129 2652 cum
1153 2609 1370 2653 membra
1393 2607 1597 2653 fluentia
1620 2608 1736 2652 tabo

2000 222 2089 268 595
2135 198 2149 202 ”

1999 611 2089 652 600

1999 996 2090 1038 605

1999 1382 2090 1423 «310

1999 1764 2090 1807 ‘315

2001 2150 2092 2193 6⁶20
